
@ARTICLE{DM:ACG2,
        AUTHOR = {A.~Assi and  F.J.~Castro-Jim\'enez and M.~Granger}, 
        TITLE = {The {G}r\"obner fan of an ${A}\sb n$-module.},
        JOURNAL = {J.\ Pure Appl.\ Algebra}, 
        YEAR = {2000},
        VOLUME = {150},
        NUMBER = {1},
        PAGES = {27-39},
        MONTH = {}
}
@ARTICLE{DM:ACG1,
        AUTHOR = {A.~Assi and  F.J.~Castro-Jim\'enez and M.~Granger}, 
        TITLE = {How to calculate the slopes of a $\mathcal {D}$-module.},
        JOURNAL = {Compositio Math.}, 
        YEAR = {1996},
        VOLUME = {104},
        NUMBER = {2},
        PAGES = {107-123},
        MONTH = {}
}
@ARTICLE{DM:AK,
        AUTHOR = {A.G.\ Aleksandrov and V.L.\ Kistlerov}, 
        TITLE = {Computer method in calculating $b$-functions of non-isolated singularities},
        JOURNAL = {Contemp.\ Math.}, 
        YEAR = {1992},
        VOLUME = {131},
        NUMBER = {},
        PAGES = {319-335},
        MONTH = {}
}
@Unpublished{DM:Bernstein-notes,
        AUTHOR = {J.~Bernstein}, 
        TITLE = {Lecture notes on the theory of ${D}$-modules},
        NOTE = {Unpublished},
}
@ARTICLE{DM:Br-R,
        AUTHOR = {M.~Brodmann and J.~Rung}, 
        TITLE = {Local Cohomology and the connectedness dimension in algebraic                  varieties},
        JOURNAL = {Comment.\ Math.\ Helvetici}, 
        YEAR = {1986},
        VOLUME = {61},
        NUMBER = {},
        PAGES = {481-490},
        MONTH = {}
}
@ARTICLE{DM:Br-S,
        AUTHOR = {W.~Bruns and R.~Schw\"anzl},
        TITLE = {The number of equations defining a determinantal variety},
        JOURNAL = {Bull.~London Math.~Soc.},
        YEAR = {1990},
        VOLUME = {22},
        NUMBER = {},
        PAGES = {439-445},
        MONTH = {}
}
@ARTICLE{DM:Brianconetal,
        AUTHOR = {J.~Brian{\c c}on and  M.\ Granger and  Ph.\ Maisonobe and M.\ Miniconi},
        TITLE = {Algorithme de calcul du polyn\^ome de {B}ernstein: cas nond\'eg\'en\'er\'e},
        JOURNAL = {Ann.\ Inst.\ Fourier},
        YEAR = {1989},
        VOLUME = {39},
        NUMBER = {},
        PAGES = {553-610},
        MONTH = {}
}
@ARTICLE{DM:Ca,
        AUTHOR = {F.\ Castro},
        TITLE = {Calcul effectifs pour les id\'eaux d'op\'erateurs
                  diff\'erentiels}, 
        JOURNAL = {Travaux en Cours},
        YEAR = {1987},
        VOLUME = {24},
        NUMBER = {},
        PAGES = {1-19},
        MONTH = {Herman, Paris}
}
@ARTICLE{DM:F,
        AUTHOR = {G.~Faltings},
        TITLE = {{\"U}ber lokale {K}ohomologiegruppen hoher {O}rdnung},
        JOURNAL = {Journal f\"ur die Reine und Angewandte
                  Mathematik},
        YEAR = {1980},
        VOLUME = {313},
        NUMBER = {},
        PAGES = {43-51},
        MONTH = {}
}
@ARTICLE{DM:Ga,
        AUTHOR = {A.\ Galligo},
        TITLE = {Some algorithmic questions on ideals of differential
                  operators},
        JOURNAL = {Lecture Notes in Comp.\ Science},
        YEAR = {1985},
        VOLUME = {204},
        NUMBER = {},
        PAGES = {413-421},
        MONTH = {}
}
@ARTICLE{DM:H-Sp,
        AUTHOR = {R.~Hartshorne and R.~Speiser},
        TITLE = {Local cohomological dimension in characteristic $p$},
        JOURNAL = {Ann.~Math.(2)},
        YEAR = {1977},
        VOLUME = {105},
        NUMBER = {},
        PAGES = {45-79},
        MONTH = {}
}
@article {DM:DRCAV,
    AUTHOR = {Hartshorne, Robin},
     TITLE = {On the {D}e {R}ham cohomology of algebraic varieties},
   JOURNAL = {Inst. Hautes \'Etudes Sci. Publ. Math.},
    VOLUME = {45},
      YEAR = {1975},
     PAGES = {5--99},
   MRCLASS = {14F20},
  MRNUMBER = {55 \#5633},
MRREVIEWER = {D. Lieberman},
}
@ARTICLE{DM:CDAV,
        AUTHOR = {R.~Hartshorne},
        TITLE = {{C}ohomological {D}imension of {A}lgebraic {V}arieties},
        JOURNAL = {Ann.~Math.},
        YEAR = {1968},
        VOLUME = {88},
        NUMBER = {},
        PAGES = {403-450},
        MONTH = {}
}
@BOOK{DM:GKZ,
        AUTHOR = {I.\ Gelfand and  M.\ Kapranov and A.\ Zelevinski},
        TITLE = {Discriminants, resultants, and multidimensional determinants}, 
	SERIES = {Mathematics: Theory \& Applications},
        PUBLISHER = {Birkh\"auser Boston, Inc., Boston, MA},
        YEAR = {1994}
}

@ARTICLE{DM:G-S,
        AUTHOR = {R.~Garcia and C.~Sabbah},
        TITLE = {Topological computation of local cohomology multiplicities}, 
        JOURNAL = "Coll.\ Math.",
        YEAR = {1998},
        VOLUME = {XLIX},
        NUMBER = {2-3},
        PAGES = {317-324},
        MONTH = {}
}
@ARTICLE{DM:Hu,
        AUTHOR = {C.\ Huneke},
        TITLE = {Problems on local cohomology}, 
        JOURNAL = "Res.\ Notes Math.",
        YEAR = {1992},
        VOLUME = {2},
        NUMBER = {},
        PAGES = {93-108},
        MONTH = {}
}
@ARTICLE{DM:Hu-L,
        AUTHOR = {C.~Huneke and G.~Lyubeznik},
        TITLE = {On the vanishing of local cohomology modules}, 
        JOURNAL = "Invent.~Math.",
        YEAR = {1990},
        VOLUME = {102},
        NUMBER = {},
        PAGES = {73-93},
        MONTH = {}
}
@ARTICLE{DM:Hu-S,
        AUTHOR = {C.~Huneke and R.~Y.~Sharp},
        TITLE = {Bass numbers of local cohomology modules},
        JOURNAL = {Transactions of the AMS (2)},
        YEAR = {1993},
        VOLUME = {339},
        NUMBER = {},
        PAGES = {765-779},
        MONTH = {}
}
@ARTICLE{DM:K,
        AUTHOR = {M.~Kashiwara},
        TITLE = {${B}$-functions and holonomic systems, rationality of
                  ${B}$-functions.}, 
        JOURNAL = "Invent.~Math.",
        YEAR = {1976},
        VOLUME = {38},
        NUMBER = {},
        PAGES = {33-53},
        MONTH = {}
}
@ARTICLE{DM:K2,
        AUTHOR = {M.~Kashiwara},
        TITLE = {On the holonomic systems of linear partial
                  differential equations, {II}}, 
        JOURNAL = "Invent.~Math.",
        YEAR = {1978},
        VOLUME = {49},
        NUMBER = {},
        PAGES = {121-135},
        MONTH = {}
}
@ARTICLE{DM:Kollar,
        AUTHOR = {J.~Koll\'ar},
        TITLE = {Singularities of pairs, {\em in} {A}lgebraic {G}eometry, {S}anta {C}ruz, 1995},
        JOURNAL = "Proc.\ Symp. Pure Math.\ Amer.\ Math.\ Soc.",
        YEAR = {1997},
        VOLUME = {62},
        NUMBER = {},
        PAGES = {221-287},
        MONTH = {}
}
@ARTICLE{DM:KR-W,
        AUTHOR = {A.~Kandri-Rody and V.~Weispfenning},
        TITLE = {Non-Commutative {G}r\"obner bases in Algebras of
		  Solvable Type},
        JOURNAL = "J.\ Symb.\ Comp.",
        YEAR = {1990},
        VOLUME = {9},
        NUMBER = {},
        PAGES = {1-26},
        MONTH = {}
}
@ARTICLE{DM:L-S,
        AUTHOR = {Y.\ Laurent and P.\ Schapira},
        TITLE = {Images inverses des modules diff\'erentiels},
        JOURNAL = "Compositio Math.",
        YEAR = {1987},
        VOLUME = {61},
        NUMBER = {},
        PAGES = {229-51},
        MONTH = {}
}
@ARTICLE{DM:L-Dmod,
        AUTHOR = {G.~Lyubeznik},
        TITLE = {Finiteness {P}roperties of {L}ocal {C}ohomology {M}odules: an
                  {A}pplication of ${D}$-modules to {C}ommutative {A}lgebra},
        JOURNAL = "Invent.~Math.",
        YEAR = {1993},
        VOLUME = {113},
        NUMBER = {},
        PAGES = {41-55},
        MONTH = {}
}
@ARTICLE{DM:L-Fmod,
        AUTHOR = {G.~Lyubeznik},
        TITLE = {${F}$-modules: applications to local cohomology and
                  ${D}$-modules in characteristic $p>0$},
        JOURNAL = {Journal f\"ur die Reine und Angewandte Mathematik},
        YEAR = {1997},
        VOLUME = {491},
        NUMBER = {},
        PAGES = {65-130},
        MONTH = {}
}
@ARTICLE{DM:L-Bpoly,
        AUTHOR = {G.~Lyubeznik},
        TITLE = {On {B}ernstein-{S}ato polynomials},
        JOURNAL = {Proc.\ Amer.\ Math.\ Soc.},
        YEAR = {1997},
        VOLUME = {125},
        NUMBER = {7},
        PAGES = {1941-1944},
        MONTH = {}
}
@ARTICLE{DM:Ley,
        AUTHOR = {A.\ Leykin},
        TITLE = {Towards a definitive computation of {B}ernstein-{S}ato polynomials},  
        JOURNAL = {{math.AG/0003155}\footnote{
The webpage {http://xxx.lanl.gov/} is a page designed for the storage of
preprints, and allows posting and downloading free of charge.}},
        YEAR = {2000},
        VOLUME = {},
        NUMBER = {},
        PAGES = {},
        MONTH = {}
}
@ARTICLE{DM:Maisonobe,
        AUTHOR = {Ph.\ Maisonobe},
        TITLE = {${D}$-modules: an overview towards effectivity, in: {E}.\ {T}ournier, ed., {C}omputer {A}lgebra and {D}ifferential {E}quations},
        JOURNAL = {London Math. Soc. Lecture Note Ser., 193, 
Cambridge Univ.\ Press, Cambridge},
        YEAR = {1994},
        VOLUME = {},
        NUMBER = {},
        PAGES = {21-55},
        MONTH = {}
}
@ARTICLE{DM:M,
        AUTHOR = {B.~Malgrange},
        TITLE = {Le polyn\^ome de {B}ernstein d'une singularit\'e isol\'ee},
        JOURNAL = {Lecture Notes in Mathematics, Springer Verlag},
        YEAR = {1975},
        VOLUME = {459},
        NUMBER = {},
        PAGES = {98-119},
        MONTH = {}
}
@ARTICLE{DM:M2,
        AUTHOR = {D.\ Grayson and M.\ Stillman},
        TITLE = {\Mtwo, with scripts by {A}.\ {L}eykin and {H}.\ {T}sai}
}
@ARTICLE{DM:M2D,
        AUTHOR = {A.~Leykin and M.\ Stillman and H.~Tsai},
        TITLE = {The ${D}$-module package for {{{\sl Macaulay~2\/}\xispace}}},
        NOTE = {{http://www.math.umn.edu/\~{}leykin/}},
}

@BOOK{DM:Mebkhout,
        AUTHOR = {Z.\ Mebkhout},
        TITLE = {Le formalisme des six op\'erations de Grothendieck pour les 
${D_X}$-modules coh\'erents.},
        SERIES = {Travaux en Cours },
        YEAR = {1989},
        PUBLISHER = {Hermann, Paris}
}
@ARTICLE{DM:Oa,
        AUTHOR = {T.~Oaku},
        TITLE = {An algorithm for computing ${B}$-functions},
        JOURNAL = {Duke Math.~Journal},
        YEAR = {1997},
        VOLUME = {87},
        NUMBER = {},
        PAGES = {115-132},
        MONTH = {}
}
@ARTICLE{DM:Oa2,
        AUTHOR = {T.~Oaku},
        TITLE = {{A}lgorithms for the $b$-function and ${D}$-modules
                  associated with a polynomial},
        JOURNAL = {J.\ Pure Appl.\ Algebra},
        YEAR = {1997},
        VOLUME = {117-118},
        NUMBER = {},
        PAGES = {495-518},
        MONTH = {}
}
@ARTICLE{DM:Oa3,
        AUTHOR = {T.~Oaku},
        TITLE = {{A}lgorithms for ${b}$-functions, restrictions, and
                  algebraic local cohomology groups of ${D}$-modules},
        JOURNAL = {Advances in Appl.\ Math.},
        YEAR = {1997},
        VOLUME = {19},
        NUMBER = {},
        PAGES = {61-105},
        MONTH = {}
}
@ARTICLE{DM:O-T1,
        AUTHOR = {T.\ Oaku and N.\ Takayama},
        TITLE = {Algorithms for ${D}$-modules -- restriction, tensor product,
                 localization and local cohomology groups},
        JOURNAL = {Journal of Pure and Applied Algebra},
        YEAR = {2001},
        VOLUME = {156},
        NUMBER = {2-3},
        PAGES = {267-308},
        MONTH = {February}
}
@ARTICLE{DM:O-T2,
        AUTHOR = {T.\ Oaku and N.\ Takayama},
        TITLE = {An algorithm for de {R}ham cohomology groups of the 
                 complement 
                 of an affine variety via ${D}$-module computation},
        JOURNAL = {J.\ Pure Appl.\ Algebra},
        YEAR = {1999},
        VOLUME = {139},
        NUMBER = {},
        PAGES = {201-233},
        MONTH = {}
}
@ARTICLE{DM:Og,
        AUTHOR = {A.~Ogus},
        TITLE = {Local cohomological dimension of algebraic varieties},
        JOURNAL = {Ann.~Math. (2)},
        YEAR = {1973},
        VOLUME = {98},
        NUMBER = {},
        PAGES = {327-365},
        MONTH = {}
}
@ARTICLE{DM:P-S,
        AUTHOR = {C.~Peskine and L.~Szpiro},
        TITLE = {Dimension projective finie et cohomologie locale},
        JOURNAL = {Inst.~Hautes \'Etudes Sci.~Publ.~Math.},
        YEAR = {1973},
        VOLUME = {42},
        NUMBER = {},
        PAGES = {47-119},
        MONTH = {}
}
@ARTICLE{DM:Satoetal,
        AUTHOR = {M.\ Sato and M.\ Kashiwara and T.\ Kimura and T.\ Oshima},
        TITLE = {Micro-local analysis of prehomogeneous vector spaces},
        JOURNAL = {Inv.\ Math.},
        YEAR = {1980},
        VOLUME = {62},
        NUMBER = {},
        PAGES = {117-179},
        MONTH = {}
}
@ARTICLE{DM:T,
        AUTHOR = {N.\ Takayama},
        TITLE = {Kan: A system for computation in algebraic analysis. {S}ource
		  code available at {{www.math.kobe-u.ac.jp/{K}{A}{N}}}},
        JOURNAL = {Version 1 (1991), Version 2 (1994)},
        YEAR = {the latest Version is 2.990914  (1999)},
        VOLUME = {},
        NUMBER = {},
        PAGES = {},
        MONTH = {}
}
@ARTICLE{DM:T2,
        AUTHOR = {N.\ Takayama},
        TITLE = {Gr\"obner basis and the problem of contiguous relations},
        JOURNAL = {Japan J.\ Appl.\ Math.},
        YEAR = {1989},
        VOLUME = {6},
        NUMBER = {},
        PAGES = {147-160},
        MONTH = {}
}
@ARTICLE{DM:O-T-W,
        AUTHOR = {T.\ Oaku and N.\ Takayama and U.\ Walther},
        TITLE = {A localization algorithm for {D}-modules},
        JOURNAL = {J.\ Symb.\ Comp.},
        YEAR = {2000},
        VOLUME = {29},
        NUMBER = {4/5},
        PAGES = {721-728},
        MONTH = {May}
}
@ARTICLE{DM:O-T-T,
        AUTHOR = {T.\ Oaku and N.\ Takayama and H.\ Tsai},
        TITLE = {Polynomial and Rational Solutions of holonomic systems},
        JOURNAL = {{math.AG/0001064}},
        YEAR = {1999},
        VOLUME = {},
        NUMBER = {},
        PAGES = {},
        MONTH = {}
}
@ARTICLE{DM:T-W,
        AUTHOR = {H.\ Tsai and U.\ Walther},
        TITLE = {Computing homomorphisms between holonomic ${D}$-modules},
        JOURNAL = {{math.RA/0007139}},
        YEAR = {2000},
        VOLUME = {},
        NUMBER = {},
        PAGES = {},
        MONTH = {}
}
@Unpublished{DM:Ts,
        AUTHOR = {H.\ Tsai},
        TITLE = {Weyl closure, torsion, and local cohomology of ${D}$-modules},
        NOTE = {Preprint},
        YEAR = {1999}
}
@ARTICLE{DM:Ts0,
        AUTHOR = {H.\ Tsai},
        TITLE = {Algorithms for algebraic analysis},
        JOURNAL = {Thesis, University of California at Berkeley},
        YEAR = {2000},
        VOLUME = {},
        NUMBER = {},
        PAGES = {},
        MONTH = {}
}
@ARTICLE{DM:Varchenko,
        AUTHOR = {A.\ Varchenko},
        TITLE = {Asymptotic {H}odge structure in the vanishing cohomology},
        JOURNAL = {Math.\ USSR Izvestija},
        YEAR = {1982},
        VOLUME = {18},
        NUMBER = {3},
        PAGES = {469-512},
        MONTH = {}
}
@ARTICLE{DM:W,
        AUTHOR = {U.\ Walther},
        TITLE = {Locol, a computer program for symbolic computations
		  in local cohomology},
        JOURNAL = {{walther@math.umn.edu}},
        YEAR = {1996-1998},
        VOLUME = {},
        NUMBER = {},
        PAGES = {},
        MONTH = {}
}
@ARTICLE{DM:W1,
        AUTHOR = {U.\ Walther},
        TITLE = {Algorithmic {C}omputation of {L}ocal {C}ohomology {M}odules 
                  and the {L}ocal 
                  {C}ohomological {D}imension of {A}lgebraic {V}arieties},
        JOURNAL = {J.\ Pure Appl.\ Algebra},
        YEAR = {1999},
        VOLUME = {139},
        NUMBER = {},
        PAGES = {303-321},
        MONTH = {}
}
@ARTICLE{DM:W2,
        AUTHOR = {U.\ Walther},
        TITLE = {Algorithmic {C}omputation of de {R}ham {C}ohomology of 
                 {C}omplements of {C}omplex {A}ffine {V}arieties},
        JOURNAL = {J.\ Symb.\  Comp.},
        YEAR = {2000},
        VOLUME = {29},
        NUMBER = {4/5},
        PAGES = {795-839},
        MONTH = {May}
}
@ARTICLE{DM:W3,
        AUTHOR = {U.\ Walther},
        TITLE = {The {C}up {P}roduct {S}tructure for {C}omplements
        of {C}omplex {A}ffine {V}arieties},
        JOURNAL = {J.\ Pure Appl.\ Algebra},
        YEAR = {to appear}
}
@Article{DM:W4,
        AUTHOR = {U.\ Walther},
        TITLE = {{C}ohomology with {R}ational {C}oefficients 
                of {C}omplex {V}arieties},
        JOURNAL = {Contemp.\ Math.},
        YEAR = {to appear}
}
@Unpublished{DM:W5,
        AUTHOR = {U.\ Walther},
        TITLE = {Homotopy {T}ype, {S}tratifications and {G}r\"obner bases},
        NOTE = {In preparation},
        YEAR = {2000}
}
@ARTICLE{DM:W-lambda,
        AUTHOR = {U.\ Walther},
        TITLE = {On the {L}yubeznik numbers of a local ring},
        JOURNAL = {Proc.\  Amer. Math.\ Soc.},
        YEAR = {to appear}
}
@ARTICLE{DM:Yano,
        AUTHOR = {T.\ Yano},
        TITLE = {On the theory of $b$-functions},
        JOURNAL = {Publ.\ RIMS, Kyoto Univ.},
        YEAR = {1978},
        VOLUME = {14},
        NUMBER = {},
        PAGES = {111-202},
        MONTH = {}
}








		  
@BOOK{DM:A-L,
        AUTHOR = {Adams-Loustaunau},
        TITLE = {Gr\"obner bases},
	PUBLISHER = {AMS},
        YEAR = {1995}
}
@BOOK{DM:B,
        AUTHOR = {J.-E.~Bj\"ork},
        TITLE = {Rings of Differential Operators},
	PUBLISHER = {North Holland, New York},
        YEAR = {1979}
}
@BOOK{DM:B-S,
        AUTHOR = {M.P.\ Brodmann and R.Y.\ Sharp},
        TITLE = {Local Cohomology: an algebraic introduction with geometric applications.},
        SERIES = "Cambridge
Studies in Advanced Mathematics, 60",
	PUBLISHER = "Cambridge University Press",
        YEAR = {1998}
}
@BOOK{DM:B-W,
        AUTHOR = {Becker-Weispfenning},
        TITLE = {???},
	PUBLISHER = {???},
        YEAR = {???}
}
@BOOK{DM:CLO,
        AUTHOR = {Cox, Little, O'Shea},
        TITLE = {???},
	PUBLISHER = {???},
        YEAR = {???}
}
@BOOK{DM:Coutinho,
        AUTHOR = {S.C.\ Coutinho},
        TITLE = {A primer of algebraic ${D}$-modules}, 
        SERIES = {London Mathematical Society Student Texts 33},
        PUBLISHER = {Cambridge University Press, Cambridge},
        YEAR = {1995},
}

@BOOK{DM:E,
        AUTHOR = {D.~Eisenbud},
        TITLE = {Commutative Algebra with a View toward Algebraic Geometry},
	PUBLISHER = "Springer Verlag",
        YEAR = {1995}
}
@BOOK{DM:E-S,
        AUTHOR = {S.\ Eilenberg and N.\ Steenrod},
        TITLE = {Foundations of Algebraic Topology},
	PUBLISHER = {Princeton University Press},
        YEAR = {1952}
}
@BOOK{DM:G-H,
        AUTHOR = {M.\ Greenberg and J.\ Harper},
        TITLE = {Algebraic Topology, a first course},
	SERIES = {Mathematical Lecture Notes Series 58},
        PUBLISHER = {Addison Wesley},
        YEAR = {1981}
}
@BOOK{DM:Gri-Har,
        AUTHOR = {P.\ Griffiths and J.\ Harris},
        TITLE = {Principles of Algebraic Geometry},
	SERIES = {A Wiley Interscience Publication},
        PUBLISHER = {WILEY and Sons},
        YEAR = {1978}
}
@BOOK{DM:lc-notes,
        AUTHOR = {R.\ Hartshorne},
        TITLE = {Local Cohomology.  A seminar given by A.{} Grothendieck},  
        SERIES = {Lecture Notes in Mathematics},
        VOLUME = 41,
        YEAR = 1967,
        PUBLISHER = {Springer Verlag},
}
@BOOK{DM:SST,
        AUTHOR = {M.~Saito and {B.\ Sturmfels} and {N.\ Takayama}},
        TITLE = {Gr\"obner deformations of hypergeometric differential 
                 equations},
        SERIES = "Algorithms and Computation in Mathematics, 6",
	PUBLISHER = {Springer Verlag},
        YEAR = {1999}
}


@article {Loeser,
    AUTHOR = {Loeser, Fran{\c{c}}ois},
     TITLE = {Fonctions d'{I}gusa $p$-adiques, polyn\^omes de {B}ernstein,
              et poly\`edres de {N}ewton},
   JOURNAL = {J. Reine Angew. Math.},
  FJOURNAL = {Journal f\"ur die Reine und Angewandte Mathematik},
    VOLUME = {412},
      YEAR = {1990},
     PAGES = {75--96},
      ISSN = {0075-4102},
     CODEN = {JRMAA8},
   MRCLASS = {11S40 (11M41 14M25)},
  MRNUMBER = {92c:11139},
MRREVIEWER = {Daniel Barsky},
}
