@article {MR86i:55011b,
    AUTHOR = {Anick, David J.},
     TITLE = {Comment: ``{A} counterexample to a conjecture of {S}erre''},
   JOURNAL = {Ann. of Math. (2)},
  FJOURNAL = {Annals of Mathematics. Second Series},
    VOLUME = {116},
      YEAR = {1982},
    NUMBER = {3},
     PAGES = {661},
}

@article {CI:MR86i:55011a,
    AUTHOR = {Anick, David J.},
     TITLE = {A counterexample to a conjecture of {S}erre},
   JOURNAL = {Ann. of Math. (2)},
  FJOURNAL = {Annals of Mathematics. Second Series},
    VOLUME = {115},
      YEAR = {1982\ \,and {116}(3):661, 1982},
    NUMBER = {1},
     PAGES = {1--33},
}

@article {CI:MR86b:20009,
    AUTHOR = {Carlson, Jon F.},
     TITLE = {The variety of an indecomposable module is connected},
   JOURNAL = {Invent. Math.},
  FJOURNAL = {Inventiones Mathematicae},
    VOLUME = {77},
      YEAR = {1984},
    NUMBER = {2},
     PAGES = {291--299},
}

@article {CI:MR85a:20004,
    AUTHOR = {Carlson, Jon F.},
     TITLE = {The varieties and the cohomology ring of a module},
   JOURNAL = {J. Algebra},
  FJOURNAL = {Journal of Algebra},
    VOLUME = {85},
      YEAR = {1983},
    NUMBER = {1},
     PAGES = {104--143},
}

@article {CI:MR19:438e,
   AUTHOR = {{C}artan, {H}enri},
    TITLE = {{A}lg\`ebres d'{E}ilenberg-{M}ac{L}ane et homotopie},
  JOURNAL = {{\em In} {S}\'eminaire {H}.\ {C}artan,
	     {\'E}cole Norm.\ Sup., 1954/1955},
     NOTE = {Reprinted in: {\em\OE uvres\/},
                vol.\ III, Springer, Berlin, 1978,
                pp.\ 1309--1394},
     YEAR = {Secr\'etariat math., Paris, 1955},
}

@book {CI:Me,
    AUTHOR = {Mehta, Vikram},
     TITLE = {Endomorphisms of complexes and modules over {G}olod rings},
 PUBLISHER = {Thesis. University of California, Berkeley, CA},
      YEAR = {1975},
}

@article {CI:MR1774757,
    AUTHOR = {Avramov, Luchezar L. and Buchweitz, Ragnar-Olaf},
     TITLE = {Homological algebra modulo a regular sequence with special
              attention to codimension two},
   JOURNAL = {J. Algebra},
  FJOURNAL = {Journal of Algebra},
    VOLUME = {230},
      YEAR = {2000},
    NUMBER = {1},
     PAGES = {24--67},
}

@article {CI:AP,
    AUTHOR = {Avramov, Luchezar L. and Peeva, Irena},
     TITLE = {Finite regularity and {K}oszul algebras},
   JOURNAL = {Amer. J. Math},
  FJOURNAL = {American Journal of Mathematics},
     PAGES = {275--281},
    VOLUME = {123},
      YEAR = {2001},
    NUMBER = {2}
}

@article {CI:MR2000e:13021,
    AUTHOR = {Avramov, Luchezar L. and Sun, Li-Chuan},
     TITLE = {Cohomology operators defined by a deformation},
   JOURNAL = {J. Algebra},
  FJOURNAL = {Journal of Algebra},
    VOLUME = {204},
      YEAR = {1998},
    NUMBER = {2},
     PAGES = {684--710},
}

@article {CI:MR90g:13027,
    AUTHOR = {Avramov, Luchezar L.},
     TITLE = {Modules of finite virtual projective dimension},
   JOURNAL = {Invent. Math.},
  FJOURNAL = {Inventiones Mathematicae},
    VOLUME = {96},
      YEAR = {1989},
    NUMBER = {1},
     PAGES = {71--101},
}

@article {CI:AB2,
    AUTHOR = {Avramov, Luchezar L. and Buchweitz, Ragnar-Olaf},
     TITLE = {Support varieties and cohomology over complete intersections},
   JOURNAL = {Invent. Math.},
    VOLUME = {142},
    NUMBER = {2},
      YEAR = {2000},
     PAGES = {285--318},
}

@article {CI:Sh,
    AUTHOR = {Shamash, Jack},
     TITLE = {The {P}oincar\'e series of a local ring},
   JOURNAL = {J. Algebra},
    VOLUME = {12},
      YEAR = {1969},
     PAGES = {453--470},
}

@article {CI:MR51:487,
    AUTHOR = {Gulliksen, Tor H.},
     TITLE = {A change of ring theorem with applications to {P}oincar\'e
             series and intersection multiplicity},
   JOURNAL = {Math. Scand.},
    VOLUME = {34},
      YEAR = {1974},
    NUMBER = {1},
     PAGES = {167--183},
}

@book {CI:MR41:6837,
    AUTHOR = {Gulliksen, Tor H. and Levin, Gerson},
     TITLE = {Homology of local rings},
 PUBLISHER = {Queen's Papers in Pure and Applied Math., No. 20,
	     Queen's Univ., Kingston, Ont.},
      YEAR = {1969},
     PAGES = {x+192},
}

@book {CI:MR97a:13001,
    AUTHOR = {Eisenbud, David},
     TITLE = {Commutative algebra with a view toward algebraic geometry},
 PUBLISHER = {Graduate Texts in Math., vol. 150, Springer-Verlag, New York},
      YEAR = {1995},
     PAGES = {xvi+785},
      ISBN = {0-387-94268-8; 0-387-94269-6},
}

@incollection {CI:res,
    AUTHOR = {Avramov, Luchezar L.},
     TITLE = {Infinite free resolutions},
 BOOKTITLE = {Six lectures on commutative algebra (Bellaterra, 1996)},
     PAGES = {1--118},
 PUBLISHER = {Progress in Math., vol 166, Birkh\"auser, Basel},
      YEAR = {1998},
}

@incollection {CI:MR89g:13005,
    AUTHOR = {Buchweitz, Ragnar-Olaf and Eisenbud, David and Herzog,
             J{\"u}rgen},
     TITLE = {Cohen-{M}acaulay modules on quadrics},
 BOOKTITLE = {Singularities, representation of algebras, and vector bundles
              (Lambrecht, 1985)},
     PAGES = {58--116},
 PUBLISHER = {Springer, Berlin-New York},
      YEAR = {1987},
}

@article {CI:Ei,
    AUTHOR = {Eisenbud, David},
     TITLE = {Homological algebra on a complete intersection, with an
             application to group representations},
   JOURNAL = {Trans. Amer. Math. Soc.},
  FJOURNAL = {Transactions of the American Mathematical Society},
    VOLUME = {260},
      YEAR = {1980},
     PAGES = {35--64},
    NUMBER = {1},
}

@article {CI:MR58:27947,
   AUTHOR = {Eisenbud, David},
    TITLE = {Enriched free resolutions and change of rings},
BOOKTITLE = {S\'eminaire d'Alg\`ebre Paul Dubreil, 29\`eme ann\'ee (Paris,
             1975--1976)},
    PAGES = {1--8. Lecture Notes in Math., 586},
PUBLISHER = {Springer, Berlin},
     YEAR = {1977},
}

@article {CI:MR99c:13033,
   AUTHOR = {Avramov, Luchezar L. and Gasharov, Vesselin N. and Peeva, Irena
             V.},
    TITLE = {Complete intersection dimension},
  JOURNAL = {Inst. Hautes \'Etudes Sci. Publ. Math.},
 FJOURNAL = {Institut des Hautes \'Etudes Scientifiques. Publications
             Math\'ematiques},
   VOLUME = {86},
     YEAR = {1997},
   NUMBER = { },
    PAGES = {67--114},
}

@article {CI:MR94a:13011,
   AUTHOR = {Avramov, Luchezar L. and Buchweitz, Ragnar-Olaf},
    TITLE = {Lower bounds for {B}etti numbers},
  JOURNAL = {Compositio Math.},
 FJOURNAL = {Compositio Mathematica},
   VOLUME = {86},
     YEAR = {1993},
    PAGES = {147--158},
}

@article {CI:MR94b:16040,
   AUTHOR = {Roos, Jan-Erik},
    TITLE = {Commutative non-{K}oszul algebras having a linear resolution
              of arbitrarily high order. {A}pplications to torsion in loop
              space homology},
  JOURNAL = {C. R. Acad. Sci. Paris S\'er. I Math.},
 FJOURNAL = {Comptes Rendus de l'Acad\'emie des Sciences. S\'erie I.
              Math\'ematique},
   VOLUME = {316},
     YEAR = {1993},
   NUMBER = {11},
    PAGES = {1123--1128},
}
