@Misc{M2,
  author = {Grayson, Daniel R. and Stillman, Michael E.},
  title = {Macaulay 2, a software system for research
	   in algebraic geometry},
  howpublished = {Available online in source code form and compiled for various architectures 
      at {http://www.math.uiuc.edu/Macaulay2/}}
}

@Misc{libfac,
  author =	 {Michael Messollen},
  title =	 {{LIBFAC}},
  year =	 1996,
  note =	 {A subroutine library for characteristic sets and irreducible decomposition}
}

@Misc{factory,
  author =	 {G.-M. Greuel and R. Stobbe},
  title =	 {{FACTORY}},
  year =	 {1993-1997},
  note =	 {A subroutine library for factorization}
}
