@book {MR95h:13020,
   AUTHOR = {Bruns, Winfried and Herzog, J{\"u}rgen},
    TITLE = {Cohen-{M}acaulay rings},
PUBLISHER = {Cambridge University Press},
  ADDRESS = {Cambridge},
     YEAR = {1993},
    PAGES = {xii+403},
     ISBN = {0-521-41068-1},
  MRCLASS = {13H10 (13-02)},
 MRNUMBER = {95h:13020},
   MRREVR = {Matthew Miller},
}

@book {MR96a:52011,
   AUTHOR = {Ziegler, G{\"u}nter M.},
    TITLE = {Lectures on polytopes},
PUBLISHER = {Springer-Verlag},
  ADDRESS = {New York},
     YEAR = {1995},
    PAGES = {x+370},
     ISBN = {0-387-94365-X},
  MRCLASS = {52Bxx},
 MRNUMBER = {96a:52011},
   MRREVR = {Margaret M. Bayer},
}

@article {MR91b:13031,
   AUTHOR = {Villarreal, Rafael H.},
    TITLE = {Cohen-{M}acaulay graphs},
  JOURNAL = {Manuscripta Math.},
 FJOURNAL = {Manuscripta Mathematica},
   VOLUME = {66},
     YEAR = {1990},
   NUMBER = {3},
    PAGES = {277--293},
     ISSN = {0025-2611},
    CODEN = {MSMHB2},
  MRCLASS = {13H10 (05C05 05E25 52B20)},
 MRNUMBER = {91b:13031},
   MRREVR = {Aron Simis},
}

@book {MR88b:90087,
   AUTHOR = {Lov{\'a}sz, L. and Plummer, M. D.},
    TITLE = {Matching theory},
     NOTE = {Annals of Discrete Mathematics, 29},
PUBLISHER = {North-Holland Publishing Co.},
  ADDRESS = {Amsterdam},
     YEAR = {1986},
    PAGES = {xxvii+544},
     ISBN = {0-444-87916-1},
  MRCLASS = {90C10 (05B35 05C70 90C05)},
 MRNUMBER = {88b:90087},
   MRREVR = {Knut Richter},
}

@book {MR97a:13001,
   AUTHOR = {Eisenbud, David},
    TITLE = {Commutative algebra with a view toward algebraic geometry},
PUBLISHER = {Springer-Verlag},
  ADDRESS = {New York},
     YEAR = {1995},
    PAGES = {xvi+785},
     ISBN = {0-387-94268-8; 0-387-94269-6},
  MRCLASS = {13-01 (14A05)},
 MRNUMBER = {97a:13001},
   MRREVR = {Matthew Miller},
}

@incollection {MR99m:13040,
   AUTHOR = {Green, Mark L.},
    TITLE = {Generic initial ideals},
BOOKTITLE = {Six lectures on commutative algebra (Bellaterra, 1996)},
    PAGES = {119--186},
PUBLISHER = {Birkh\"auser},
  ADDRESS = {Basel},
     YEAR = {1998},
  MRCLASS = {13F20 (13P10)},
 MRNUMBER = {99m:13040},
   MRREVR = {J. M. Landsberg},
}

@article {MR97g:14003,
   AUTHOR = {Reeves, Alyson A.},
    TITLE = {The radius of the {H}ilbert scheme},
  JOURNAL = {J. Algebraic Geom.},
 FJOURNAL = {Journal of Algebraic Geometry},
   VOLUME = {4},
     YEAR = {1995},
   NUMBER = {4},
    PAGES = {639--657},
     ISSN = {1056-3911},
  MRCLASS = {14C05 (13D40 13P10 14Q99)},
 MRNUMBER = {97g:14003},
   MRREVR = {Ragni Piene},
}

@book {MR1734566,
   AUTHOR = {Saito, Mutsumi and Sturmfels, Bernd and Takayama, Nobuki},
    TITLE = {Gr\"obner deformations of hypergeometric differential
             equations},
PUBLISHER = {Springer-Verlag},
  ADDRESS = {Berlin},
     YEAR = {2000},
    PAGES = {viii+254},
     ISBN = {3-540-66065-8},
  MRCLASS = {13Pxx (32Gxx 33Cxx)},
 MRNUMBER = {1 734 566},
}

@article {MR96i:13029,
   AUTHOR = {Sturmfels, Bernd and Trung, Ng\^o Vi\^et and Vogel, Wolfgang},
    TITLE = {Bounds on degrees of projective schemes},
  JOURNAL = {Math. Ann.},
 FJOURNAL = {Mathematische Annalen},
   VOLUME = {302},
     YEAR = {1995},
   NUMBER = {3},
    PAGES = {417--432},
     ISSN = {0025-5831},
    CODEN = {MAANA},
  MRCLASS = {13P10 (13C05 14C17 14Q20)},
 MRNUMBER = {96i:13029},
   MRREVR = {R{\"u}diger Achilles},
}

@article {MR2000f:13052,
   AUTHOR = {Ho{\c{s}}ten, Serkan and Thomas, Rekha R.},
    TITLE = {Standard pairs and group relaxations in integer programming},
     NOTE = {Effective methods in algebraic geometry (Saint-Malo, 1998)},
  JOURNAL = {J. Pure Appl. Algebra},
 FJOURNAL = {Journal of Pure and Applied Algebra},
   VOLUME = {139},
     YEAR = {1999},
   NUMBER = {1-3},
    PAGES = {133--157},
     ISSN = {0022-4049},
    CODEN = {JPAAA2},
  MRCLASS = {13P10 (14M25 52B20 90C10)},
 MRNUMBER = {2000f:13052},
   MRREVR = {G{\'a}bor Hetyei},
}

@article {MR2000b:13037,
   AUTHOR = {Ho{\c{s}}ten, Serkan and Thomas, Rekha R.},
    TITLE = {The associated primes of initial ideals of lattice ideals},
  JOURNAL = {Math. Res. Lett.},
 FJOURNAL = {Mathematical Research Letters},
   VOLUME = {6},
     YEAR = {1999},
   NUMBER = {1},
    PAGES = {83--97},
     ISSN = {1073-2780},
  MRCLASS = {13P10},
 MRNUMBER = {2000b:13037},
   MRREVR = {Aldo Conca},
}

@book {MR88m:90090,
   AUTHOR = {Schrijver, Alexander},
    TITLE = {Theory of linear and integer programming},
     NOTE = {A Wiley-Interscience Publication},
PUBLISHER = {John Wiley \& Sons Ltd.},
  ADDRESS = {Chichester},
     YEAR = {1986},
    PAGES = {xii+471},
     ISBN = {0-471-90854-1},
  MRCLASS = {90C05 (90C10)},
 MRNUMBER = {88m:90090},
   MRREVR = {J{\"u}rgen K{\"o}hler},
}

@misc{M,
    title = {{Alexander Duality for Monomial Ideals and Their Resolutions}},
   author = {Ezra Miller},
    NOTE = {{arXiv:math.AG/9812095}}
}

@article {MR1769661,
   AUTHOR = {Miller, Ezra and Sturmfels, Bernd and Yanagawa, Kohji},
    TITLE = {Generic and cogeneric monomial ideals},
     NOTE = {Symbolic computation in algebra, analysis, and geometry
             (Berkeley, CA, 1998)},
  JOURNAL = {J. Symbolic Comput.},
 FJOURNAL = {Journal of Symbolic Computation},
   VOLUME = {29},
     YEAR = {2000},
   NUMBER = {4-5},
    PAGES = {691--708},
     ISSN = {0747-7171},
  MRCLASS = {13P10 (13F20)},
 MRNUMBER = {1 769 661},
}

@misc{Altmann,
    title = {{The chain property for the associated primes of A-graded
        ideals}},
   author = {Klaus Altmann},
     note = {{arXiv:math.AG/0004142}}
}

@misc {Hosten-Maclagan,
        AUTHOR = {Ho\c{s}ten, Serkan and Maclagan, Diane},
        TITLE = {The vertex ideal of a lattice},
        NOTE = {20 pages, (2000), preprint}, 
}

@book {MR97b:13034,
   AUTHOR = {Sturmfels, Bernd},
    TITLE = {Gr\"obner bases and convex polytopes},
PUBLISHER = {American Mathematical Society},
  ADDRESS = {Providence, RI},
     YEAR = {1996},
    PAGES = {xii+162},
     ISBN = {0-8218-0487-1},
  MRCLASS = {13P10 (14M25 52B20)},
 MRNUMBER = {97b:13034},
   MRREVR = {P. Schenzel},
}

@article {MR35:4232,
   AUTHOR = {Hartshorne, Robin},
    TITLE = {Connectedness of the {H}ilbert scheme},
  JOURNAL = {Inst. Hautes \'Etudes Sci. Publ. Math.},
   VOLUME = {29},
     YEAR = {1966},
    PAGES = {5--48},
  MRCLASS = {14.55},
 MRNUMBER = {35 #4232},
   MRREVR = {H. R{\"o}hrl},
}

@book {MR99g:14031,
    AUTHOR = {Harris, Joe and Morrison, Ian},
     TITLE = {Moduli of curves},
 PUBLISHER = {Springer-Verlag},
   ADDRESS = {New York},
      YEAR = {1998},
     PAGES = {xiv+366},
      ISBN = {0-387-98438-0},
   MRCLASS = {14H10 (14-02 14D20 14D22)},
  MRNUMBER = {99g:14031},
MRREVIEWER = {R. F. Lax},
}

@book {MR26:3566,
    AUTHOR = {Grothendieck, Alexander},
     TITLE = {Fondements de la g\'eom\'etrie alg\'ebrique. [{E}xtraits du
              {S}\'eminaire {B}ourbaki, 1957--1962.]},
 PUBLISHER = {Secr\'etariat math\'ematique},
   ADDRESS = {Paris},
      YEAR = {1962},
     PAGES = {ii+205},
   MRCLASS = {14.00},
  MRNUMBER = {26 \#3566},
MRREVIEWER = {E. L. Griffin, Jr.},
}

@article {MR81f:14025a,
    AUTHOR = {Altman, Allen B. and Kleiman, Steven L.},
     TITLE = {Compactifying the {P}icard scheme},
   JOURNAL = {Adv. in Math.},
  FJOURNAL = {Advances in Mathematics},
    VOLUME = {35},
      YEAR = {1980},
    NUMBER = {1},
     PAGES = {50--112},
      ISSN = {0001-8708},
     CODEN = {ADMTA4},
   MRCLASS = {14K30 (14C05)},
  MRNUMBER = {81f:14025a},
MRREVIEWER = {T. Oda},
}

@article {MR98m:14003,
    AUTHOR = {Reeves, Alyson and Stillman, Mike},
     TITLE = {Smoothness of the lexicographic point},
   JOURNAL = {J. Algebraic Geom.},
  FJOURNAL = {Journal of Algebraic Geometry},
    VOLUME = {6},
      YEAR = {1997},
    NUMBER = {2},
     PAGES = {235--246},
      ISSN = {1056-3911},
   MRCLASS = {14C05 (13D40)},
  MRNUMBER = {98m:14003},
MRREVIEWER = {Vincenzo Di Gennaro},
}

@book {MR98h:05001,
    AUTHOR = {Stanley, Richard P.},
     TITLE = {Combinatorics and commutative algebra},
   EDITION = {Second},
 PUBLISHER = {Birkh\"auser Boston Inc.},
   ADDRESS = {Boston, MA},
      YEAR = {1996},
     PAGES = {x+164},
      ISBN = {0-8176-3836-9},
   MRCLASS = {05-02 (13F50)},
  MRNUMBER = {98h:05001},
MRREVIEWER = {Volkmar Welker},
}

@book {MR80g:68056,
    AUTHOR = {Garey, Michael R. and Johnson, David S.},
     TITLE = {Computers and intractability},
      NOTE = {A guide to the theory of NP-completeness,
              A Series of Books in the Mathematical Sciences},
 PUBLISHER = {W. H. Freeman and Co.},
   ADDRESS = {San Francisco, Calif.},
      YEAR = {1979},
     PAGES = {x+338},
      ISBN = {0-7167-1045-5},
   MRCLASS = {68C25 (03D15)},
  MRNUMBER = {80g:68056},
MRREVIEWER = {Pavel Pudl{\'a}k},
}

@article {MR94f:13018,
    AUTHOR = {Bayer, Dave and Stillman, Mike},
     TITLE = {Computation of {H}ilbert functions},
   JOURNAL = {J. Symbolic Comput.},
  FJOURNAL = {Journal of Symbolic Computation},
    VOLUME = {14},
      YEAR = {1992},
    NUMBER = {1},
     PAGES = {31--50},
      ISSN = {0747-7171},
   MRCLASS = {13P10 (13D40 68Q40)},
  MRNUMBER = {94f:13018},
MRREVIEWER = {Rafael H. Villarreal},
}

@article {MR2000a:13010,
    AUTHOR = {Ohsugi, Hidefumi and Hibi, Takayuki},
     TITLE = {Normal polytopes arising from finite graphs},
   JOURNAL = {J. Algebra},
  FJOURNAL = {Journal of Algebra},
    VOLUME = {207},
      YEAR = {1998},
    NUMBER = {2},
     PAGES = {409--426},
      ISSN = {0021-8693},
     CODEN = {JALGA4},
   MRCLASS = {13A30 (05C70 13F55 52B20)},
  MRNUMBER = {2000a:13010},
MRREVIEWER = {Rafael H. Villarreal},
}

@article {MR99c:13004,
    AUTHOR = {Simis, Aron and Vasconcelos, Wolmer V. and Villarreal, Rafael
              H.},
     TITLE = {The integral closure of subrings associated to graphs},
   JOURNAL = {J. Algebra},
  FJOURNAL = {Journal of Algebra},
    VOLUME = {199},
      YEAR = {1998},
    NUMBER = {1},
     PAGES = {281--289},
      ISSN = {0021-8693},
     CODEN = {JALGA4},
   MRCLASS = {13A30 (13B22 13B25)},
  MRNUMBER = {99c:13004},
MRREVIEWER = {Sarah Glaz},
}

@incollection {MR96h:05213,
    AUTHOR = {Bj{\"o}rner, Anders},
     TITLE = {Nonpure shellability, $f$-vectors, subspace arrangements and
              complexity},
 BOOKTITLE = {Formal power series and algebraic combinatorics (New
              Brunswick, NJ, 1994)},
     PAGES = {25--53},
 PUBLISHER = {Amer. Math. Soc.},
   ADDRESS = {Providence, RI},
      YEAR = {1996},
   MRCLASS = {05E25 (06A08 52B05 52B20 68Q25)},
  MRNUMBER = {96h:05213},
}

@article {MR89m:52009,
    AUTHOR = {Bj{\"o}rner, Anders and Kalai, Gil},
     TITLE = {An extended {E}uler-{P}oincar\'e theorem},
   JOURNAL = {Acta Math.},
  FJOURNAL = {Acta Mathematica},
    VOLUME = {161},
      YEAR = {1988},
    NUMBER = {3-4},
     PAGES = {279--303},
      ISSN = {0001-5962},
     CODEN = {ACMAA8},
   MRCLASS = {52A37 (51H99 55N99)},
  MRNUMBER = {89m:52009},
MRREVIEWER = {Sergey Yuzvinsky},
}

@article {MR91m:14076,
    AUTHOR = {Sturmfels, Bernd},
     TITLE = {Gr\"obner bases and {S}tanley decompositions of determinantal
              rings},
   JOURNAL = {Math. Z.},
  FJOURNAL = {Mathematische Zeitschrift},
    VOLUME = {205},
      YEAR = {1990},
    NUMBER = {1},
     PAGES = {137--144},
      ISSN = {0025-5874},
     CODEN = {MAZEAX},
   MRCLASS = {14M12 (13P10 68Q40)},
  MRNUMBER = {91m:14076},
MRREVIEWER = {Piotr Pragacz},
}

@article {MR1779598,
   AUTHOR = {Miller, Ezra},
    TITLE = {The {A}lexander duality functors and local duality with
             monomial support},
  JOURNAL = {J. Algebra},
 FJOURNAL = {Journal of Algebra},
   VOLUME = {231},
     YEAR = {2000},
   NUMBER = {1},
    PAGES = {180--234},
     ISSN = {0021-8693},
    CODEN = {JALGA4},
  MRCLASS = {13Dxx},
 MRNUMBER = {1 779 598},
}
