

@article {EA:roth,
   AUTHOR = {Roth, L.},
    TITLE = {On the projective classification of surfaces},
  JOURNAL = {Proc. of London Math. Soc.},
   VOLUME = {42},
     YEAR = {1937},
    PAGES = {142--170},
}

@incollection {EA:ionescu,
author = {Ionescu, P.},
title = {Embedded projective varieties of small invariants {I}{I}{I}},
BOOKTITLE = {Algebraic Geometry (L`A\-qui\-la 1988)},
EDITOR = {Sommese, A.J. and Biancofiore, A. and Livorni, E.},
PUBLISHER = {Springer, New York},
YEAR = {1990},
PAGES = {138--154},
}     


@incollection {EA:BR,
author = {Braun, R. and  Ranestad, K.},
title = {Conic bundles in projective fourspace},
    BOOKTITLE = {Algebraic geometry. Papers presented for the
                 EUROPROJ conferences held in Catania, Italy, September 1993, 
                 and Barcelona, Spain, September 1994},
   EDITOR = {Newstead, P.},
PUBLISHER = {Marcel Dekker, New York},
     YEAR = {1994},
    PAGES = {331--339},
}



@incollection {EA:ES,
author = {Ellia, P. and  Sacchiero, G.},
title = {Smooth surfaces of ${\bf {\char 80}}\sp{4}$\ ruled in conics},
    BOOKTITLE = {Algebraic geometry. Papers presented for the
                 EUROPROJ conferences held in Catania, Italy, September 1993, 
                 and Barcelona, Spain, September 1994},
   EDITOR = {Newstead, P.},
PUBLISHER = {Marcel Dekker, New York},
     YEAR = {1994},
    PAGES = {49--62},
}







@article {EA:MR92g:14013,
   AUTHOR = {Ancona, V. and Ottaviani, G.},
    TITLE = {An introduction to the derived categories and the theorem of
             {B}eilinson},
  JOURNAL = {Atti Accad. Peloritana Pericolanti Cl. Sci. Fis. Mat. Natur.},
 FJOURNAL = {Accademia Peloritana dei Pericolanti. Classe Scienze, Fisiche,
             Matematiche e Naturali. Atti},
   VOLUME = {67},
     YEAR = {1989},
    PAGES = {99--110 (1991)},
     ISSN = {0365-0359},
    CODEN = {AAPFAO},
  MRCLASS = {14F05 (18E30)},
 MRNUMBER = {92g:14013},
   MRREVR = {Jeremy Rickard},
}

@article {EA:MR57:324,
   AUTHOR = {Barth, W.},
    TITLE = {Moduli of vector bundles on the projective plane},
  JOURNAL = {Invent. Math.},
   VOLUME = {42},
     YEAR = {1977},
    PAGES = {63--91},
  MRCLASS = {14F05 (14D20)},
 MRNUMBER = {57 #324},
   MRREVR = {M. Schneider},
}


@article {EA:MR80f:14005,
   AUTHOR = {Barth, W. and Hulek, K.},
    TITLE = {Monads and moduli of vector bundles},
  JOURNAL = {Manuscripta Math.},
 FJOURNAL = {Manuscripta Mathematica},
   VOLUME = {25},
     YEAR = {1978},
    PAGES = {323--347},
     ISSN = {0025-2611},
    CODEN = {MSMHB2},
  MRCLASS = {14F05 (81E10)},
 MRNUMBER = {80f:14005},
   MRREVR = {I. Dolgachev},
}

@article {EA:MR80c:14010b,
   AUTHOR = {Be{\u\i}linson, A. A.},
    TITLE = {Coherent sheaves on ${\bf {\char 80}}\sp{n}$ and problems in linear
             algebra},
  JOURNAL = {Functional Anal. Appl.},
 FJOURNAL = {Akademiya Nauk SSSR. Funktsional'ny\u \i \ Analiz i ego
             Prilozheniya},
   VOLUME = {12},
     YEAR = {1978},
    PAGES = {214--216},
     ISSN = {0374-1990},
  MRCLASS = {14F05 (18E30 81C99)},
 MRNUMBER = {80c:14010b},
   MRREVR = {P. E. Newstead},
}


@article {EA:MR80c:14010a,
   AUTHOR = {Bern{\v{s}}te{\u\i}n, I. N. and Gel{'}fand, I. M. and
             Gel{'}fand, S. I.},
    TITLE = {Algebraic vector bundles on ${\bf {\char 80}}\sp{n}$\ and problems of
             linear algebra},
  JOURNAL = {Functional Anal. Appl.},
 FJOURNAL = {Akademiya Nauk SSSR. Funktsional'ny\u \i \ Analiz i ego
             Prilozheniya},
   VOLUME = {12},
     YEAR = {1978},
    PAGES = {212--214},
     ISSN = {0374-1990},
  MRCLASS = {14F05 (18F15)},
 MRNUMBER = {80c:14010a},
   MRREVR = {P. E. Newstead},
}

@incollection {EA:MR89g:13005:appendix,
   AUTHOR = {Buchweitz, R.-O.},
    TITLE = {Appendix to {C}ohen-{M}acaulay modules on quadrics},
BOOKTITLE = {Singularities, representation of algebras, and vector bundles
             (Lambrecht, 1985)},
    PAGES = {96--116},
PUBLISHER = {Springer},
  ADDRESS = {Berlin},
     YEAR = {1987},
  MRCLASS = {13C05 (13D25 13H10 15A66)},
 MRNUMBER = {89g:13005},
   MRREVR = {Luchezar L. Avramov},
}


@book {EA:MR97a:13001,
   AUTHOR = {Eisenbud, D.},
    TITLE = {Commutative algebra with a view toward algebraic geometry},
PUBLISHER = {Springer-Verlag, New York},
     YEAR = {1995},
    PAGES = {xvi+785},
     ISBN = {0-387-94268-8; 0-387-94269-6},
}


@unpublished{EA:MR1484973:eisenbud,
   author = {Eisenbud, D.},
   title = {Computing cohomology},
   note = {A chapter in \cite{EA:VAS}}
}

@book {EA:VAS,
   AUTHOR = {Vasconcelos, Wolmer V.},
    TITLE = {Computational methods in commutative algebra and algebraic
             geometry},
     NOTE = {With chapters by David Eisenbud, Daniel R. Grayson, J\"urgen
             Herzog and Michael Stillman},
PUBLISHER = {Springer-Verlag, Berlin},
     YEAR = {1998},
    PAGES = {xii+394},
     ISBN = {3-540-60520-7},
}

@unpublished{EA:Eisenbud-Schreyer:ChowForms,
   title = {Resultants, Chow forms, and free resolutions},
   author = {Eisenbud, D.  and Schreyer, F.-O.},
   note = {In preparation, 2001}
}

@Unpublished{EA:eis-sch:sheaf,
  author =       {Eisenbud, D. and Fl{\o}ystad, G. and Schreyer, F.-O.},
  title =        {Sheaf Cohomology and Free Resolutions over Exterior Algebras},
  note =         {Work in progress},
  year =         2001
}

@article {EA:MR99f:14064,
   AUTHOR = {Walter, C. H.},
    TITLE = {Pfaffian subschemes},
  JOURNAL = {J. Algebraic Geom.},
 FJOURNAL = {Journal of Algebraic Geometry},
   VOLUME = {5},
     YEAR = {1996},
    PAGES = {671--704},
     ISSN = {1056-3911},
  MRCLASS = {14M05 (13D45 14J60 14M07)},
 MRNUMBER = {99f:14064},
   MRREVR = {A. Prabhakar Rao},
}




@article {EA:MR16:953c,
   AUTHOR = {Serre, J.-P.},
    TITLE = {Faisceaux alg\'ebriques coh\'erents},
  JOURNAL = {Ann. of Math. (2)},
   VOLUME = {61},
     YEAR = {1955},
    PAGES = {197--278},
  MRCLASS = {14.0X},
 MRNUMBER = {16,953c},
   MRREVR = {C. Chevalley},
}




@book {EA:MR81b:14001,
   AUTHOR = {Okonek, Ch. and Schneider, M. and Spindler, H.},
    TITLE = {Vector bundles on complex projective spaces},
PUBLISHER = {Birkh\"auser Boston},
  ADDRESS = {Mass.},
     YEAR = {1980},
    PAGES = {vii+389},
     ISBN = {3-7643-3000-7},
  MRCLASS = {14-02 (14D20 14F05 32G13 81C30)},
 MRNUMBER = {81b:14001},
   MRREVR = {Werner Kleinert},
}




@article {EA:MR56:8567,
   AUTHOR = {Maruyama, M.},
    TITLE = {Moduli of stable sheaves {I}},
  JOURNAL = {J. Math. Kyoto Univ.},
   VOLUME = {17},
     YEAR = {1977},
    PAGES = {91--126},
  MRCLASS = {14D20 (14C99)},
 MRNUMBER = {56 #8567},
   MRREVR = {S. L. Kleiman},
}



@article {EA:MR82h:14011,
   AUTHOR = {Maruyama, M.},
    TITLE = {Moduli of stable sheaves {I}{I}},
  JOURNAL = {J. Math. Kyoto Univ.},
 FJOURNAL = {Journal of Mathematics of Kyoto University},
   VOLUME = {18},
     YEAR = {1978},
    PAGES = {557--614},
     ISSN = {0023-608X},
    CODEN = {JMKYAZ},
  MRCLASS = {14D20 (14F05)},
 MRNUMBER = {82h:14011},
   MRREVR = {M. Schneider},
}


@article {EA:MR80m:14012,
   AUTHOR = {Le Potier, J.},
    TITLE = {Fibr\'es stables de rang $2$\ sur ${\bf {\char 80}}\sb{2}({\bf {\char 67}})$},
  JOURNAL = {Math. Ann.},
 FJOURNAL = {Mathematische Annalen},
   VOLUME = {241},
     YEAR = {1979},
    PAGES = {217--256},
     ISSN = {0025-5831},
    CODEN = {MAANA3},
  MRCLASS = {14F05 (14D20 32G13)},
 MRNUMBER = {80m:14012},
   MRREVR = {M. Schneider},
}


@article {EA:MR89g:18018,
   AUTHOR = {Kapranov, M. M.},
    TITLE = {On the derived categories of coherent sheaves on some
             homogeneous spaces},
  JOURNAL = {Invent. Math.},
 FJOURNAL = {Inventiones Mathematicae},
   VOLUME = {92},
     YEAR = {1988},
   NUMBER = {3},
    PAGES = {479--508},
     ISSN = {0020-9910},
    CODEN = {INVMBH},
  MRCLASS = {18E30 (14F05 18F20 22E47 32C38 32M10)},
 MRNUMBER = {89g:18018},
   MRREVR = {Steven E. Landsburg},
}




@incollection {EA:MR84j:14026,
author = {Horrocks, G.},
title = {Construction of bundles on ${\bf {\char 80}}\sp{n}$},
    BOOKTITLE = {Les \'equations de {Y}ang-{M}ills},
   EDITOR = {Douady, A. and Verdier, J.-L.},
     NOTE = {S\'eminaire E. N. S., 1977-1978, Ast\'erisqe 71--72},
PUBLISHER = {Soci\'et\'e Math\'ematique de France},
  ADDRESS = {Paris},
     YEAR = {1980},
    PAGES = {197--203},
  MRCLASS = {14F05 (14-06 53C05 81E10)},
 MRNUMBER = {84j:14026},
}



@article {EA:MR30:120,
   AUTHOR = {Horrocks, G.},
    TITLE = {Vector bundles on the punctured spectrum of a local ring},
  JOURNAL = {Proc. London Math. Soc. (3)},
   VOLUME = {14},
     YEAR = {1964},
    PAGES = {689--713},
  MRCLASS = {14.55 (16.00)},
 MRNUMBER = {30 #120},
   MRREVR = {M. F. Atiyah},
}


@article {EA:MR80m:14011,
   AUTHOR = {Hulek, Klaus},
    TITLE = {Stable rank-$2$\ vector bundles on ${\bf {\char 80}}\sb{2}$\ with
             $c\sb{1}$\ odd},
  JOURNAL = {Math. Ann.},
 FJOURNAL = {Mathematische Annalen},
   VOLUME = {242},
     YEAR = {1979},
   NUMBER = {3},
    PAGES = {241--266},
     ISSN = {0025-5831},
    CODEN = {MAANA3},
  MRCLASS = {14F05 (14D20 32G13)},
 MRNUMBER = {80m:14011},
   MRREVR = {M. Schneider},
}




@article {EA:MR81h:14014,
   AUTHOR = {Gieseker, D.},
    TITLE = {On the moduli of vector bundles on an algebraic surface},
  JOURNAL = {Ann. of Math. (2)},
 FJOURNAL = {Annals of Mathematics. Second Series},
   VOLUME = {106},
     YEAR = {1977},
    PAGES = {45--60},
     ISSN = {0003-486X},
    CODEN = {ANMAAH},
  MRCLASS = {14F05 (14D20)},
 MRNUMBER = {81h:14014},
}



@article {EA:conicbundle,
   AUTHOR = {Abo, H. and Decker, W. and Sasakura, N.},
    TITLE = {An elliptic conic bundle on ${\bf {\char 80}}\sp{4}$ arising from a 
             stable rank-$3$ vector bundle},
  JOURNAL = {Math. Z.},
   VOLUME = {229},
     YEAR = {1998},
    PAGES = {725--741},
}


@unpublished{EA:aure-thesis,
   title = {On surfaces in projective 4-space},
   author = {Aure, A.},
   note = {PhD Thesis, Oslo, 1987}
}


@book {EA:adj-theory,
   AUTHOR = {Beltrametti, M.C. and Sommese, A.},
    TITLE = {The adjunction theory of complex projective varieties},
PUBLISHER = {de Gruyter, Berlin},
     YEAR = {1995},
}


@article {EA:Decker24,
   AUTHOR = {Decker, W.},
    TITLE = {Das {H}orrocks-{M}umford-{B}\"undel und das {M}odul-{S}chema 
            f\"ur stabile $2$-{V}ektorb\"undel  \"uber ${\bf {\char 80}}_4$ 
            mit $c_1$=-1, $c_2$=4},
  JOURNAL = {Math. Z.},
   VOLUME = {188},
     YEAR = {1984},
    PAGES = {101--110},
}
@article {EA:uniquenesshm2,
   AUTHOR = {Decker, W. and Schreyer, F.-O.},
    TITLE = {On the uniqueness of the {H}orrocks-{M}umford-bundle},
  JOURNAL = {Math. Ann.},
   VOLUME = {273},
     YEAR = {1986},
    PAGES = {415--443},
}

@article {EA:DSJSC,
   AUTHOR = {Decker, W. and Schreyer, F.-O.},
    TITLE = {Non-general type surfaces in ${\bf {\char 80}}^4$: 
             Some remarks on bounds and constructions },
  JOURNAL = {J. Symbolic Computation},
   VOLUME = {29},
     YEAR = {2000},
    PAGES = {545--582},
}


@article {EA:uniquenesshm1,
   AUTHOR = {Decker, W.},
    TITLE = {Stable rank 2 vector bundles with {C}hern-classes 
            $c_1$=-1, $c_2$=4},
  JOURNAL = {Math. Ann.},
   VOLUME = {275},
     YEAR = {1986},
    PAGES = {481--500},
}

@article {EA:cam,
   AUTHOR = {Decker, W.},
    TITLE = {Monads and cohomoloy modules of rank 2 vector bundles},
  JOURNAL = {Compositio Math.},
   VOLUME = {76},
     YEAR = {1990},
    PAGES = {7--17},
}

@article {EA:nico,
   AUTHOR = {Manolache, N.},
    TITLE = {Syzygies of abelian surfaces embedded in 
             ${\bf {\char 80}}^4({\bf {\char 67}})$},
  JOURNAL = {J. reine angew. Math.},
   VOLUME = {384},
     YEAR = {1988},
    PAGES = {180--191},
}

@book {EA:fultonit,
   AUTHOR = {Fulton, W.},
    TITLE = {Intersection theory},
PUBLISHER = {Springer-Verlag, New York},
     YEAR = {1984},
}


@article {EA:HM,
   AUTHOR = {Horrocks, G. and Mumford, D.},
    TITLE = {A rank 2 vector bundle on ${\bf {\char 80}}\sp{4}$\ with 15,000 symmetries},
  JOURNAL = {Topology},
   VOLUME = {12},
     YEAR = {1973},
    PAGES = {63--81},
}


@article {EA:Bertini,
   AUTHOR = {Kleiman, S.},
    TITLE = {Geometry on grassmanians and applications to 
            splitting bundles and smoothing cycles},
  JOURNAL = {Publ. Math. I.H.E.S.},
   VOLUME = {36},
     YEAR = {1969},
    PAGES = {281--297},
}

@article {EA:Laurent,
   AUTHOR = {Koelblen, L.},
    TITLE = {Surfaces de ${\bf {\char 80}}\sb{4}$\ trac\'ees sur une
             hypersurface cubique},
  JOURNAL = {J. Reine Angew. Math.},
   VOLUME = {433},
     YEAR = {1992},
    PAGES = {113--141},
}

@article {EA:Lanteri,
   AUTHOR = {Lanteri, A.},
    TITLE = {On the existence of scrolls in ${\bf {\char 80}}\sp{4}$},
  JOURNAL = {Atti Accad. Naz. Lincei, VIII. Ser., Rend.,  Cl. Sci. Fis. Mat. Nat.},
   VOLUME = {69},
     YEAR = {1980},
    PAGES = {223--227},
}


@article {EA:okreflexiv,
   AUTHOR = {Okonek, Ch.},
    TITLE = {Reflexive {G}arben auf ${\bf {\char 80}}\sp{4}$},
  JOURNAL = {Math. Ann.},
   VOLUME = {260},
     YEAR = {1982},
    PAGES = {211--237},
}




@article {EA:okgrad8,
   AUTHOR = {Okonek, Ch.},
    TITLE = {Fl\"achen vom {G}rad 8 im ${\bf {\char 80}}\sp{4}$},
  JOURNAL = {Math. Z.},
   VOLUME = {191},
     YEAR = {1986},
    PAGES = {207--223},
}



@article {smith,
    AUTHOR = {Smith, Gregory G.},
     TITLE = {Computing global extension modules},
      NOTE = {Symbolic computation in algebra, analysis, and geometry
              (Berkeley, CA, 1998)},
   JOURNAL = {J. Symbolic Comput.},
  FJOURNAL = {Journal of Symbolic Computation},
    VOLUME = {29},
      YEAR = {2000},
    NUMBER = {4-5},
     PAGES = {729--746},
      ISSN = {0747-7171},
   MRCLASS = {14F05 (13Pxx)},
  MRNUMBER = {1 769 664},
}

