@book {bs,
    AUTHOR = {Brodmann, M. P. and Sharp, R. Y.},
     TITLE = {Local cohomology: an algebraic introduction with geometric
              applications},
 PUBLISHER = {Cambridge University Press},
   ADDRESS = {Cambridge},
      YEAR = {1998},
     PAGES = {xvi+416},
      ISBN = {0-521-37286-0},
   MRCLASS = {13D45 (14B15)},
  MRNUMBER = {99h:13020},
MRREVIEWER = {L\^{e} Tu\^{a}n Hoa},
}
@article {adhpr,
    AUTHOR = {Aure, Alf and Decker, Wolfram and Hulek, Klaus and Popescu,
              Sorin and Ranestad, Kristian},
     TITLE = {Syzygies of abelian and bielliptic surfaces in ${\bf {P}}\sp
              4$},
   JOURNAL = {Internat. J. Math.},
  FJOURNAL = {International Journal of Mathematics},
    VOLUME = {8},
      YEAR = {1997},
    NUMBER = {7},
     PAGES = {849--919},
      ISSN = {0129-167X},
   MRCLASS = {14J25 (14J27 14J60)},
  MRNUMBER = {99a:14049},
MRREVIEWER = {James E. Alexander},
}
@book {Harris,
    AUTHOR = {Harris, Joe},
     TITLE = {Algebraic geometry},
      NOTE = {A first course,
              Corrected reprint of the 1992 original},
 PUBLISHER = {Springer-Verlag},
   ADDRESS = {New York},
      YEAR = {1995},
     PAGES = {xx+328},
      ISBN = {0-387-97716-3},
   MRCLASS = {14-01},
  MRNUMBER = {97e:14001},
}
@book {eCA,
    AUTHOR = {Eisenbud, David},
     TITLE = {Commutative algebra},
      NOTE = {With a view toward algebraic geometry},
 PUBLISHER = {Springer-Verlag},
   ADDRESS = {New York},
      YEAR = {1995},
     PAGES = {xvi+785},
      ISBN = {0-387-94268-8; 0-387-94269-6},
   MRCLASS = {13-01 (14A05)},
  MRNUMBER = {97a:13001},
MRREVIEWER = {Matthew Miller},
}
@incollection {eG,
    AUTHOR = {Eisenbud, David},
     TITLE = {Green's conjecture: an orientation for algebraists},
 BOOKTITLE = {Free resolutions in commutative algebra and algebraic geometry
              (Sundance, UT, 1990)},
     PAGES = {51--78},
 PUBLISHER = {Jones and Bartlett},
   ADDRESS = {Boston, MA},
      YEAR = {1992},
   MRCLASS = {13D02 (14H45 14H50)},
  MRNUMBER = {93e:13020},
MRREVIEWER = {Montserrat Teixidor i Bigas},
}
@article {s,
    AUTHOR = {Schreyer, Frank-Olaf},
     TITLE = {Syzygies of canonical curves and special linear series},
   JOURNAL = {Math. Ann.},
  FJOURNAL = {Mathematische Annalen},
    VOLUME = {275},
      YEAR = {1986},
    NUMBER = {1},
     PAGES = {105--137},
      ISSN = {0025-5831},
     CODEN = {MAANA3},
   MRCLASS = {14H45},
  MRNUMBER = {87j:14052},
MRREVIEWER = {Joseph Harris},
}
@article {gl,
    AUTHOR = {Green, Mark and Lazarsfeld, Robert},
     TITLE = {On the projective normality of complete linear series on an
              algebraic curve},
   JOURNAL = {Invent. Math.},
  FJOURNAL = {Inventiones Mathematicae},
    VOLUME = {83},
      YEAR = {1985},
    NUMBER = {1},
     PAGES = {73--90},
      ISSN = {0020-9910},
     CODEN = {INVMBH},
   MRCLASS = {14H10 (14H45)},
  MRNUMBER = {87g:14022},
MRREVIEWER = {H. Lange},
}
@book {Hartshorne,
    AUTHOR = {Hartshorne, Robin},
     TITLE = {Algebraic geometry},
      NOTE = {Graduate Texts in Mathematics, No. 52},
 PUBLISHER = {Springer-Verlag},
   ADDRESS = {New York},
      YEAR = {1977},
     PAGES = {xvi+496},
      ISBN = {0-387-90244-9},
   MRCLASS = {14-01},
  MRNUMBER = {57 \#3116},
MRREVIEWER = {Robert Speiser},
}
@article {s-d,
    AUTHOR = {Saint-Donat, B.},
     TITLE = {On {P}etri's analysis of the linear system of quadrics through
              a canonical curve},
   JOURNAL = {Math. Ann.},
    VOLUME = {206},
      YEAR = {1973},
     PAGES = {157--175},
   MRCLASS = {14H45 (14J25)},
  MRNUMBER = {49 \#2752},
MRREVIEWER = {H. H. Martens},
}
@book {ak,
    AUTHOR = {Altman, Allen and Kleiman, Steven},
     TITLE = {Introduction to {G}rothendieck duality theory},
      NOTE = {Lecture Notes in Mathematics, Vol. 146},
 PUBLISHER = {Springer-Verlag},
   ADDRESS = {Berlin},
      YEAR = {1970},
     PAGES = {ii+185},
   MRCLASS = {14.55},
  MRNUMBER = {43 \#224},
MRREVIEWER = {Y. Nakai},
}
@article {MR39:2760,
    AUTHOR = {m, Henrik H.},
     TITLE = {Varieties of special divisors on a curve. {I}{I}},
   JOURNAL = {J. Reine Angew. Math.},
    VOLUME = {233},
      YEAR = {1968},
     PAGES = {89--100},
   MRCLASS = {14.20},
  MRNUMBER = {39 \#2760},
MRREVIEWER = {P. Du Val},
}
@book {Serre,
    AUTHOR = {Serre, Jean-Pierre},
     TITLE = {Alg\`ebre locale. {M}ultiplicit\'es},
      NOTE = {Cours au Coll\`ege de France, 1957--1958, r\'edig\'e par
              Pierre Gabriel. Seconde \'edition, 1965. Lecture Notes in
              Mathematics, 11},
 PUBLISHER = {Springer-Verlag},
   ADDRESS = {Berlin},
      YEAR = {1965},
     PAGES = {vii+188 pp. (not consecutively paged)},
   MRCLASS = {13.95 (14.08)},
  MRNUMBER = {34 \#1352},
MRREVIEWER = {M. Nagata},
}
@article {ds,
    AUTHOR = {Decker, Wolfram and Schreyer, Frank-Olaf},
     TITLE = {Non-general type surfaces in ${\bf {P}}\sp 4$: some remarks on
              bounds and constructions},
      NOTE = {Symbolic computation in algebra, analysis, and geometry
              (Berkeley, CA, 1998)},
   JOURNAL = {J. Symbolic Comput.},
  FJOURNAL = {Journal of Symbolic Computation},
    VOLUME = {29},
      YEAR = {2000},
    NUMBER = {4-5},
     PAGES = {545--582},
      ISSN = {0747-7171},
   MRCLASS = {14Qxx},
  MRNUMBER = {1 769 655},
}

@article {s1,
    AUTHOR = {Schreyer, Frank-Olaf},
     TITLE = {A standard basis approach to syzygies of canonical curves},
   JOURNAL = {J. Reine Angew. Math.},
  FJOURNAL = {Journal f\"ur die Reine und Angewandte Mathematik},
    VOLUME = {421},
      YEAR = {1991},
     PAGES = {83--123},
      ISSN = {0075-4102},
     CODEN = {JRMAA8},
   MRCLASS = {14H45 (13D02 14J25)},
  MRNUMBER = {92j:14040},
MRREVIEWER = {Luca Chiantini},
}