
@Unpublished{SO:AF,
  author = 	 {P.~Aluffi and W.~Fulton},
  title =  {Lines tangent to four surfaces containing a curve},
  year =  {2001},
}

@InProceedings{SO:BMMT,
  author = 	 {E. Becker and M.~G. Marinari and T. Mora and C. Traverso},
  title = 	 {The shape of the {S}hape {L}emma},
  booktitle = 	 {Proceedings ISSAC-94},
  pages = 	 {129--133},
  year = 	 {1993},
}


@incollection {SO:BW,
   AUTHOR = {E.~Becker and Th.~W{\"o}ermann},
    TITLE = {On the trace formula for quadratic forms},
BOOKTITLE = {Recent advances in real algebraic geometry and quadratic forms
             (Berkeley, CA, 1990/1991; San Francisco, CA, 1991)},
    PAGES = {271--291},
PUBLISHER = {Amer. Math. Soc.},
  ADDRESS = {Providence, RI},
     YEAR = {1994},
  MRCLASS = {12D15 (11E10 14P05 68Q40)},
 MRNUMBER = {95f:12002},
   MRREVR = {Henri Lombardi},
}

@article{SO:Bernstein,
AUTHOR = "D.~N. Bernstein", 
TITLE =  "The number of roots of a system of equations",
JOURNAL = "Funct. Anal. Appl.",
VOLUME =  "9",
YEAR = 1975, 
PAGES = "183--185"
}

@Article{SO:BV77,
  author = 	 {O. Bottema and G.R. Veldkamp},
  title = 	 {On the lines in space with equal distances to $n$ given points},
  journal = 	 {Geometrie Dedicata},
  year = 	 {1977},
  volume = 	 {6},
  pages = 	 {121-129}
}

@book{SO:CCS,
EDITOR = "A.~M.~Cohen and H.~Cuypers and H.~Sterk",
TITLE = "Some Tapas of Computer Algebra", 
PUBLISHER = "Springer-Varlag",
YEAR = 1999, 
}


@book {MR99h:13033,
   AUTHOR = {D.~Cox and J.~Little and D.~O'Shea},
    TITLE = {Using algebraic geometry},
PUBLISHER = {Springer-Verlag},
  ADDRESS = {New York},
     YEAR = {1998},
    PAGES = {xii+499},
     ISBN = {0-387-98487-9},
  MRCLASS = {13Pxx (13-01 14-01 14Qxx)},
 MRNUMBER = {99h:13033},
   MRREVR = {P. Schenzel},
}


@book{SO:CLO92,
AUTHOR = "D. Cox and J. Little and D. O'Shea",
TITLE = "Ideals, Varieties, Algorithms: An Introduction to Computational
         Algebraic Geometry and Commutative Algebra",
PUBLISHER = "Springer-Verlag, New York", 
YEAR = "1992",
SERIES = "UTM",
}


@article {SO:DeKh00,
    AUTHOR = {Degtyarev, A. I. and Kharlamov, V. M.},
     TITLE = {Topological properties of real algebraic varieties:
              {R}okhlin's way},
   JOURNAL = {Uspekhi Mat. Nauk},
  FJOURNAL = {Rossi\u\i skaya Akademiya Nauk. Moskovskoe Matematicheskoe
              Obshchestvo. Uspekhi Matematicheskikh Nauk},
    VOLUME = {55},
      YEAR = {2000},
    NUMBER = {4(334)},
     PAGES = {129--212},
      ISSN = {0042-1316},
   MRCLASS = {14P25 (57R19)},
  MRNUMBER = {1 786 731},
MRREVIEWER = {Eugenii Shustin},
}

@book {SO:MR97a:13001,
AUTHOR = "D. Eisenbud",
TITLE =  "Commutative Algebra With a View Towards Algebraic Geometry",
SERIES = "GTM",
PUBLISHER = "Springer-Verlag",
NUMBER = "150",
YEAR = 1995,
}


@Unpublished{SO:EG00,
  author =  {A. Eremenko and A. Gabrielov},
  title =  {Rational functions with real critical points and {B}.~and 
                {M}.~{S}hapiro conjecture in real enumerative geometry},
  note =  {MSRI preprint 2000-002},
  year = 	 {2000},
}

@Unpublished{SO:EG-NR,
  author =  {A. Eremenko and A. Gabrielov},
  title =  {New counterexamples to pole placement by static output feedback},
  note =  {Linear Algebra and its Applications, to appear},
  year =  {2001},
}

@book{SO:Fu84a,
AUTHOR = "W. Fulton",
TITLE = "Intersection Theory",
PUBLISHER = "Springer-Verlag", 
YEAR = "1984",
SERIES = "Ergebnisse der Mathematik und ihrer Grenzgebiete",
NUMBER = "2",
}

@Article{SO:Fu00,
  author = 	 {W. Fulton},
  title = 	 {Eigenvalues, invariant factors, highest weights, and
                  Schubert calculus},
  journal = 	 {Bull. Amer. Math. Soc.},
  year = 	 {2000},
  volume = 	 {37},
  number = 	 {3},
  pages = 	 {209--250}
}

@InProceedings{SO:FM76,
  author = 	 {W. Fulton and R. MacPherson},
  title = 	 {Intersecting cycles on an algebraic variety},
  booktitle = 	 {Real and Complex Singularities},
  pages = 	 {179-197},
  year = 	 {1977},
  editor = 	 {P. Holm},
  organization = {Oslo, 1976},
  publisher = {Sijthoff and Noordhoff}
}

@article{SO:HSS,
AUTHOR = "B. Huber and F. Sottile and B. Sturmfels",
TITLE = "Numerical {S}chubert Calculus",   
JOURNAL = "J.~Symb.~Comp.", 
PAGES = "767--788",
VOLUME = "26",
YEAR   = "1998",
NUMBER = "6",
}
@article {SO:MR50:13063,
   AUTHOR = {S. Kleiman},
    TITLE = {The transversality of a general translate},
  JOURNAL = {Compositio Math.},
   VOLUME = {28},
     YEAR = {1974},
    PAGES = {287--297},
}

@article {SO:MR48:2152,
   AUTHOR = {S. Kleiman and D. Laksov},
    TITLE = {Schubert calculus},
  JOURNAL = {Amer. Math. Monthly},
   VOLUME = {79},
     YEAR = {1972},
    PAGES = {1061--1082},
}

@article{SO:Kouchnirenko,
AUTHOR = "A.~G. Kouchnirenko", 
TITLE =  "A {N}ewton polyhedron and the number of solutions of
	  a system of $k$ equations in $k$ unknowns",
JOURNAL = "Usp. Math. Nauk.",
VOLUME =  "30",
YEAR = 1975, 
PAGES = "266--267"
}


@Unpublished{SO:Li00,
  author = 	 {D. Lichtblau},
  title = 	 {Finding cylinders through 5 points in $\mathbb{R}^3$},
  note = 	 {Mss., email address: {danl@wolfram.com}},
  year = 	 {2001}
}

@MISC{SO:MPT00,
  AUTHOR = {I.G. Macdonald and J. Pach and T. Theobald},
  TITLE = {Common Tangents to Four Unit Balls in $\mathbb{R}^3$},
  HOWPUBLISHED = {To appear in {\em Discrete and Computational Geometry}
  {\bf 26}:1 (2001)},
}

@incollection{SO:PRS,
   AUTHOR = {Pedersen, P. and Roy, M.-F. and Szpirglas, A.},
    TITLE = {Counting real zeros in the multivariate case},
BOOKTITLE = {Computational {A}lgebraic {G}eometry (Nice, 1992)},
    PAGES = {203--224},
PUBLISHER = {Birkh\"auser Boston},
  ADDRESS = {Boston, MA},
     YEAR = {1993},
  MRCLASS = {14Q10 (13P10 68Q40)},
 MRNUMBER = {94m:14075},
   MRREVR = {Alexander I. Barvinok},
}

@article{SO:RS98,
AUTHOR = "J. Rosenthal and F. Sottile",
TITLE = "Some remarks on real and complex output feedback",    
JOURNAL = "Systems Control Lett.", 
FJOURNAL = "Systems \& Control Letters", 
PAGES = "73--80",
VOLUME = "33",
YEAR   = "1998",
NUMBER = "2",
NOTE = "For a description of the computational aspects, see
{http://www.nd.edu/\~{}rosen/pole/}", 
}

@article{SO:So97a,
AUTHOR = "F. Sottile",
TITLE = "Enumerative Geometry for the Real
	  {G}rassmannian of Lines in Projective Space",   
YEAR = "1997",
JOURNAL = "Duke Math. J.",
VOLUME =  "87",
NUMBER = "1",
PAGES = "59--85"
}

@article{SO:So99a,
AUTHOR = "F. Sottile",
TITLE = "The special {S}chubert calculus is real",   
JOURNAL = "ERA of the AMS",
VOLUME = "5",
PAGES = "35--39",
YEAR   = "1999",
}

@article{SO:So00b,
AUTHOR = "F. Sottile",
TITLE = "Real {S}chubert Calculus: Polynomial systems and a conjecture of 
        {S}hapiro and {S}hapiro",   
JOURNAL = "Exper.~Math.",
VOLUME = "9",
PAGES = "161--182",
YEAR   = "2000",
}

@unpublished{SO:So_shap-www,
AUTHOR = "F. Sottile",
TITLE = "The conjecture of {S}hapiro and {S}hapiro",    
NOTE = "An archive of computations and computer algebra scripts, 
   {http://www.expmath.org/extra/9.2/sottile/}",
YEAR   = "2000",
}

@Article{SO:So_flags,
  author = 	 {F. Sottile},
  title = 	 {Some real and unreal enumerative geometry for flag manifolds},
  journal = 	 {Mich. Math. J},
  year = 	 {2000},
  volume = 	 {48},
  pages = 	 {573--592}
}

@unpublished{SO:So_trans,
AUTHOR = "F. Sottile",
TITLE = "Elementary Transversality in the Schubert calculus 
          in any Characteristic", 
NOTE = "math.AG/0010319",
YEAR = "2000",
}

@book{SO:Sturmfels_GBCP,
AUTHOR = "B. Sturmfels", 
TITLE = "Gr{\"o}bner Bases and Convex Polytopes",
SERIES = "University Lecture Series", 
VOLUME =  "8",
PUBLISHER = "American Math. Soc.", 
ADDRESS = {Providence, RI},
YEAR = "1996",
ISBN = {0-8218-0487-1},
PAGES = {xii+162},
}

@unpublished{SO:Ver99,       
AUTHOR = "J. Verschelde",
TITLE =  "Polynomial homotopies for dense, sparse, and determinantal systems", 
NOTE="MSRI preprint 1999-041",
YEAR = 1999, 
}

@article{SO:Ver00,       
AUTHOR = "J. Verschelde",
TITLE =  "Numerical evidence of a conjecture in real algebraic geometry",
JOURNAL = "Exper.~Math.",
VOLUME = "9",
PAGES = "183--196",
YEAR   = "2000",
}

@Unpublished{SO:STh01,
  author =  {F. Sottile and T. Theobald},
  title =  {Lines tangent to $2n-2$ spheres in $\mathbb{R}^n$},
  note =  {math.AG/0105180},
  year =  {2001},
}
