@article{CO:AC, 
author = {E. Arbarello and M. Cornalba},
title = "{A few remarks about the variety of irreducible plane curve of given degree and genus}",
journal = {Ann. Sci. \`Ecole Norm. Sup(4)},
volume = {16},
year = {1983},
pages = {467--488},
}

@article{CO:ACGH, 
author = {E. Arbarello and M. Cornalba and P. Griffith and J. Harris},
title = "{Geometry of algebraic curves, vol I}",
journal = {Springer  Grundlehren},
volume = {267},
year = {1985},
pages = {xvi+386},
}


@article{CO:Ba,
author = {V. Batyrev},
title = "{Dual polyhedra and mirror symmetry for Calabi-Yau hypersurfaces in algebraic tori}",
journal = {J. Alg. Geom.},
volume = {3},
year = {1994},
pages = {493--535},
}

@article{CO:BaEi,
author = {D. Bayer and D. Eisenbud},
title = "{Ribbons and their canonical embeddings}",
journal = {Trans. Am. Math. Soc.},
volume = {347,},
year = {1995},
pages = {719--756},
}

@article{CO:vB,
author = {Bothmer, H.-C. v.},
title = "{Geometrische Syzygien kanonischer Kurven}",
journal = {Thesis Bayreuth},
volume = {},
year = {2000},
pages = {1--123},
}

@article{CO:vBS, 
author = {Bothmer, H.-C. v. and F.-O. Schreyer},
title = "{A quick and dirty irreduciblity test}",
journal = {manuscript},
volume = {},
year = {to appear},
pages = {},
}

@article{CO:BE,
author = {D. Buchsbaum and D. Eisenbud},
title = "{Algebra structure on finite free resolutions and some structure 
                theorem for ideals of codimension 3}",
journal = {Am. J. Math.},
volume = {99},
year = {1977},
pages = {447--485},
}

@article{CO:CK,
author = {D. Cox and  S. Katz},
title = "{Mirror symmetry and algebraic geometry}",
journal = {AMS, Mathematical Surveys and Monographs},
volume = {68},
year = {1999},
pages = {xxii+469},
}

@article{CO:CR,
author = {M.-C. Chang and  Z. Ran},
title = "{Unirationality of the moduli space of curves genus $11$, $13$ (and $12$)}",
journal = {Invent. Math.},
volume = {76},
year = {1984},
pages = {41--54},
}

@article{CO:DES,
author = {W. Decker and L. Ein and F.-O. Schreyer},
title = "{Construction of surfaces in ${\mathbb {\char 80}}^4$}",
journal = {J. of Alg. Geom.},
volume = {2},
year = {1993},
pages = {185--237},
}

@article{CO:DS,
author = {W. Decker and F.-O. Schreyer},
title = "{Non-general type surfaces in ${\mathbb {\char 80}}^4$ - Remarks on bounds and constructions}",
journal = {J. Symbolic Comp.},
volume = {29},
year = {2000},
pages = {545--585},
}

@article{CO:Ei,
author = {D. Eisenbud},
title = "{Commutative Algebra. With a view towards algebraic geometry}",
journal = {Springer Graduate Texts in Mathematics},
volume = {150},
year = {1995},
pages = {xvi+785},
}

@article{CO:EH,
author = {D. Eisenbud and J. Harris},
title = "{The Kodaira dimension of the moduli space of curves of genus $g \ge 23$}",
journal = {Invent. Math.},
volume = {87},
year = {1987},
pages = {495--515},
}

@article{CO:EiPo,
author = {D. Eisenbud and S. Popescu},
title = "{Gale duality and free resolutions of ideals of points.}",
journal = {Invent. Math.},
volume = {136},
year = {1999},
pages = {419--449},
}

@article{CO:ElPe,
author = {G. Ellingsrud and C. Peskine},
title = "{Sur les surfaces de ${\mathbb {\char 80}}^4$}",
journal = {Invent. Math.},
volume = {95},
year = {1989},
pages = {1--11},
}

@article{CO:Gr1,
author = {M. Green},
title = "{The Eisenbud-Koh-Stillman conjecture on linear syzygies}",
journal = {Invent. Math},
volume = {163},
year = {1999},
pages = {411--418},
}

@article{CO:Gr2,
author = {M. Green},
title = "{Koszul cohomology and the geometry of projective varieties}",
journal = {J. Diff. Geom.},
volume = {19},
year = {1984},
pages = {125--171},
}

@article{CO:GL,
author = {M. Green and R. Lazarsfeld},
title = "{Appendix to Koszul cohomology and the geometry of projective varieties}",
journal = {J. Diff. Geom.},
volume = {19},
year = {1984},
pages = {168--171},
}

@article{CO:Ha1,
author = {J. Harris},
title = "{On the Severi problem}",
journal = {Invent. Math.},
volume = {84},
year = {1986},
pages = {445--461},
}

@article{CO:Ha2,
author = {J. Harris},
title = "{Curves in projective space. With collaboration of David Eisenbud}",
journal = {S\'eminaire de Math\'ematiques Sup\'eriores},
volume = {85},
year = {1982},
pages = {Montreal, 138 pp.},
}

@article{CO:HM,
author = {J. Harris and D. Mumford},
title = "{On the Kodaira dimension of the moduli space of curves. With an appendix by William Fulton}",
journal = {Invent. Math.},
volume = {67},
year = {1982},
pages = {23--88},
}

@article{CO:HR,
author = {A. Hirschowitz and S. Ramanan},
title = "{New evidence for Green's conjecture on syzgyies of canonical curves}",
journal = {Ann. Sci. \'Ecole Norm. Sup. (4)},
volume = {31},
year = {1998},
pages = {145--152},
}

@article{CO:Klei,
author = {S. Kleiman},
title = "{Geometry on Grassmannians and application to splitting bundles and smoothing cycles}",
journal = {Inst. Hautes \'Etudes Sci. Publ. Math. No.},
volume = {36},
year = {1969},
pages = {281--287},
}

@article{CO:MDP,
author = {M. Martin-Deschamps and D. Perrin},
title = "{Sur la classification des courbes gauches}",
journal = {Asterisque},
volume = {184-185},
year = {1990},
pages = {1--208},
}

@article{CO:Mu,
author = {S. Mukai},
title = "{Curves and symmetric spaces, I.}",
journal = {Amer. J. Math.},
volume = {117},
year = {1995},
pages = {1627--1644},
}

@article{CO:Po,
author = {S. Popescu},
title = "{Some examples of smooth non general type surfaces in ${\mathbb {\char 80}}^4$}",
journal = {Thesis Saarbr\"ucken},
volume = {},
year = {1994},
pages = {ii+123},
}

@article{CO:RS1,
author = {K. Ranestad and F.-O. Schreyer},
title = "{On the variety of polar simplices}",
journal = {manuscript},
volume = {},
year = {to be completed},
pages = {},
}

@article{CO:RS2,
author = {K. Ranestad and F.-O. Schreyer},
title = "{Varieties of sums of powers}",
journal = {J. Reine Angew. Math.},
volume = {525},
year = {2000},
pages = {147--182},
}

@incollection {CO:Sch1,
    AUTHOR = {F.-O. Schreyer},
     TITLE = {Small fields in constructive algebraic geometry},
 BOOKTITLE = {Moduli of vector bundles (Sanda, 1994; Kyoto, 1994)},
     PAGES = {221--228},
 PUBLISHER = {Dekker},
   ADDRESS = {New York},
      YEAR = {1996},
   MRCLASS = {14J25 (14C05 14Q10)},
  MRNUMBER = {97h:14050},
MRREVIEWER = {Gunnar Fl{\o}ystad},
}

@article{CO:Sch2,
author = {F.-O. Schreyer},
title = "{A standard basis approach to syzygies of canonical curves}",
journal = {J. Reine Angew. Math.},
volume = {421},
year = {1991},
pages = {83--123},
}

@article{CO:Sch3,
author = {F.-O. Schreyer},
title = "{Green's conjecture for $p$-gonal curves of large genus. Algebraic curves and projective geometry (Trento 1988)}",
journal = {Lecture Notes in Math.},
volume = {1396},
year = {1989},
pages = {254--260},
}

@article{CO:Sch4,
author = {F.-O. Schreyer},
title = "{Syzygies of canonical curves and special linear series}",
journal = {Math. Ann.},
volume = {275},
year = {1986},
pages = {105--137},
}

@article{CO:Se,
author = {E. Sernesi},
title = "{L' unirazionalit\`a della varieta dei moduli delle curve di genere dodici}",
journal = {Ann. Scuola Norm. Sup. Pisa Cl. Sci. (4)},
volume = {8},
year = {1981},
pages = {405--439},
}

@article{CO:To,
author = {F. Tonoli},
title = "{Canonical surfaces in ${\mathbb {\char 80}}^5$ and Calabi-Yau threefolds in ${\mathbb {\char 80}}^6$}",
journal = {Thesis Padova},
volume = {},
year = {2000},
pages = {1--86},
}

@article{CO:Vo,
author = {C. Voisin},
title = "{Courbes t\'etragonales et cohomologie de Koszul}",
journal = {J. Reine Angew. Math. },
volume = {387},
year = {1988},
pages = {111--121},
}

@article{CO:Wa,
author = {C. Walter},
title = "{Pfaffian subschemes}",
journal = {J. Alg. Geom.},
volume = {5},
year = {1996},
pages = {671--704},
}

