@Misc{gmp,
  author =	 {Torbj\"orn Granlund and
	John Amanatides and
	Paul Zimmermann and
	Ken Weber and
	Bennet Yee and
	Andreas Schwab and
	Robert Harley and
	Linus Nordberg and
	Kent Boortz and
	Kevin Ryde and
	Guillaume Hanrot
	},
  title = {{GMP}, a library for arbitrary precision arithmetic},
  note = {Available at {ftp://ftp.gnu.org/gnu/gmp/}}
}

@Misc{libfac,
  author =	 {M. Messollen},
  title =	 {{LIBFAC}, a subroutine library for characteristic sets and irreducible decomposition}},
  year =	 1996
}

@Misc{factory,
  author =	 {G.-M. Greuel and R. Stobbe},
  title =	 {{FACTORY}, a subroutine library for factorization},
  year =	 {1993-1997},
  note =	 {Available at {ftp://helios.mathematik.uni-kl.de/pub/Math/Factory/}}
}

@Misc{PRE:M2,
  author = {Grayson, Daniel R. and Stillman, Michael E.},
  title = {{\Mtwo}, a software system for research
	   in algebraic geometry},
  howpublished = {Available online in source code form and compiled for various architectures 
      at {http://www.math.uiuc.edu/Macaulay2/}}
}
