
@book {CLO2,
   AUTHOR = {Cox, David and Little, John and O'Shea, Donal},
    TITLE = {Using algebraic geometry},
PUBLISHER = {Springer-Verlag},
  ADDRESS = {New York},
     YEAR = {1998},
    PAGES = {xii+499},
     ISBN = {0-387-98487-9},
  MRCLASS = {13Pxx (13-01 14-01 14Qxx)},
 MRNUMBER = {99h:13033},
   MRREVR = {P. Schenzel},
}
@book {CLO1,
   AUTHOR = {Cox, David and Little, John and O'Shea, Donal},
    TITLE = {Ideals, varieties, and algorithms},
  EDITION = {Second},
     NOTE = {An introduction to computational algebraic geometry and
             commutative algebra},
PUBLISHER = {Springer-Verlag},
  ADDRESS = {New York},
     YEAR = {1997},
    PAGES = {xiv+536},
     ISBN = {0-387-94680-2},
  MRCLASS = {13P10 (13-01 14-01 14Qxx 68Q40)},
 MRNUMBER = {97h:13024},
}


@InProceedings{MS,
  author =       {Miller, Ezra and Sturmfels, Bernd},
  title =        {Monomial ideals and planar graphs},
  booktitle =    {Applied Algebra, Algebraic Algorithms and 
Error-Correcting Codes},
  pages =        {19-28},
  year =         {1999},
  editor =       {M.~Fossorier, H.~Imai, S.~Lin and A.~Poli},
  volume =       {1719},
  series =       {Springer Lecture Notes in Computer Science}
}
