@article {HS:Ale,
   AUTHOR = {Alexeev, V.},
    TITLE = {Complete moduli in the presence of semiabelian group action},
     NOTE = {math.AG/9905103}
}

@article {HS:Arn,
   AUTHOR = {Arnold, V.I.},
    TITLE = {A-graded algebras and continued fractions},
   JOURNAL= {Communications in Pure and Applied Mathematics},
   VOLUME = {42},
     YEAR = {1989},
    PAGES = {993-1000},
}

@article{HS:BLR,
 author = {Bigatti, A and La~Scala, R. and Robbiano, L.},
 title = {Computing toric ideals},
 journal = {Journal of Symbolic Computation}, 
 volume = {27},
 pages = {351--365},
 year = {1999}
}

@article {HS:BFS,
AUTHOR = {Billera, L.~J. and Filliman, P. and Sturmfels, B.},
TITLE = {Constructions and complexity of secondary polytopes}, 
JOURNAL = {Advances in {M}athematics},
VOLUME = {83},
YEAR = {1990}, 
PAGES = {155-179}
}

@article {HS:BK,
  AUTHOR = {Bruns, W. and Koch, R.},
  TITLE = {Normaliz, a program to compute normalizations of semigroups},
  NOTE = {available by anonymous ftp from 
     ftp.mathematik.Uni-Osnabrueck.DE/pub/osm/kommalg/software/}
}

@Book{HS:CLO,
AUTHOR = {Cox, D. and Little, J. and O'Shea, D.},
TITLE =  {Ideals, Varieties, and Algorithms.  An Introduction to Computational 
         Algebraic Geometry and Commutative Algebra},
PUBLISHER = {Springer-Verlag, New York},
YEAR = {1997}
}

@article {HS:CR,
   AUTHOR = {Craw,A. and Reid, M.},
    TITLE = {How to calculate $A$-Hilb ${\bf C}^3$},
    NOTE = {math.AG/9909085}
}

@article {HS:DJ,
   AUTHOR = {de Jong, T.},
   TITLE = {An algorithm for computing the integral closure},
   JOURNAL = {Journal of Symbolic Computation},
   VOLUME = {26},
   YEAR = {1998},
   PAGES = {273-277}
   }

@book {HS:Eis,
AUTHOR = {Eisenbud, D.},
TITLE = {Commutative Algebra with a View Toward Algebraic Geometry},
PUBLISHER = {Springer-Verlag, New York},
YEAR = {1994}
}

@article {HS:ES,
   AUTHOR = {Eisenbud, D. and Sturmfels, B.},
   TITLE = {Binomial ideals},
   JOURNAL = {Duke Mathematical Journal},
   VOLUME = {84},
   YEAR = {1996},
   PAGES = {1--45}
   }

@article {HS:GP,
   AUTHOR = {Gasharov, V. and Peeva,I.},
    TITLE = {Deformations of codimension $2$ toric varieties},
    JOURNAL = {Compositio Mathematica},
    NOTE = {To appear}
}

@book{HS:GKZ,
   AUTHOR = {Gel'fand, I.~M. and Kapranov, M. and Zelevinsky, A.},
   TITLE = {Multidimensional Determinants, Discriminants and 
               Resultants},  
   PUBLISHER = {Birkh{\"a}user, Boston},
   YEAR ={1994},
}

@article{HS:Gra,
    AUTHOR = {Graver, J.E.},
    TITLE = {On the foundations of linear and integer programming},
   JOURNAL= {Mathematical Programming},
   VOLUME = {8},
     YEAR = {1975},
    PAGES = {207--226},
}    

@article {HS:HM,
   AUTHOR = {Ho{\c{s}}ten, S. and Maclagan, D.},
    TITLE = {The Vertex Ideal of a Lattice},
    NOTE = {{P}reprint 2000}
}

@article{HS:HS,
author = {Ho{\c{s}}ten, S. and Shapiro, J.},
title = {Primary decomposition of lattice basis ideals},
journal = {Journal of Symbolic Computation}, 
volume = {29},
pages = {625--639}, 
year = {2000}
}

@article {HS:HT,
   AUTHOR = {Huber, B. and Thomas, R.R.},
    TITLE = {Computing {G}r\"obner fans of toric ideals},
   JOURNAL= {Experimental Mathematics},
    volume = {9},
    year = {2000},
    pages = {321-331},
    note = {Software, {TiGERS}, available at
{http://www.math.washington.edu/\~{}thomas/programs.html}
}}

@article {HS:KPR,
   AUTHOR = {Korkina, E. and Post, G. and Roelofs, M.},
    TITLE = {Classification of generalized ${A}$-graded algebras with 
             $3$ generators},
   JOURNAL= {Bulletin de Sciences Math\'ematiques},
   VOLUME = {119},
   YEAR = {1995},
   PAGES = {267--287}
}

@article {HS:MT,
   AUTHOR = {Maclagan, D. and Thomas, R.R.},
    TITLE = {Combinatorics of the toric {H}ilbert scheme},
    journal = {Discrete and Computational Geometry},
    note = {To appear}
}

@article {HS:MR,
   AUTHOR = {Mora, T. and Robbiano, L.},
   TITLE = {The {G}r\"obner fan of an ideal},
   JOURNAL= {Journal of Symbolic Computation},
   VOLUME = {6},
   YEAR = {1998},
   PAGES = {183-208}
}

@article {HS:Nak,
   AUTHOR = {Nakamura,I.},
    TITLE = {{H}ilbert schemes of Abelian group orbits},
   JOURNAL= {Journal of Algebraic Geometry},
    NOTE = {To appear}
}

@article {HS:PS1,
   AUTHOR = {Peeva,I. and Stillman, M.},
    TITLE = {Toric {H}ilbert schemes},
    NOTE = {Preprint 1999.}
}

@article {HS:PS2,
   AUTHOR = {Peeva, I. and Stillman, M.},
    TITLE = {Local equations for the toric {H}ilbert scheme},
   JOURNAL= {Advances in Applied Mathematics},
    NOTE = {To appear}
}

@article {HS:Rei,
   AUTHOR = {Reid, M},
    TITLE = {La correspondance de McKay, S\'eminaire Bourbaki},
   NOTE = {S\'eminaire Bourbaki, novembre 1999, no. 867, 
     {\sl Ast\'erisque} (2000), To appear, alg-geom/9911165}
}

@incollection{HS:Reiner, 
   AUTHOR="Reiner, V.",
   Title="The Generalized {B}aues Problem",
   BOOktitle="New {P}erspectives in Algebraic Combinatorics",
   editor="Billera, L. and Bj{\"o}rner, A. and Greene, 
           C. and Simion, R. and Stanley, R.",
   publisher="Cambridge University Press",
   year="1999"
}

@article {HS:San,
   AUTHOR = {Santos, F.},
    TITLE = {A point configuration whose space of triangulations is 
             disconnected},
   JOURNAL= {Journal of the American Math.~Soc.},
   VOLUME = {13},
   YEAR = {2000},
   PAGES = {611-637}
}

@book{HS:Sch,
AUTHOR = {Schrijver, A.},
TITLE = {Theory of Linear and Integer Programming},
PUBLISHER = {Wiley-Interscience, Chichester},
YEAR = {1986}
}

@article {HS:St1,
   AUTHOR = {Sturmfels, B.},
    TITLE = {The geometry of ${A}$-graded algebras},
   NOTE = {math.AG/9410032}
}

@book {HS:St2,
   AUTHOR = {Sturmfels, B.},
   TITLE = {Gr\"obner Bases and Convex Polytopes},
   PUBLISHER = {American Mathematical Society, University Lectures},
   VOLUME = {8},
   YEAR = {1996}
}

@article {HS:ST,
   AUTHOR = {Sturmfels, B. and Thomas, R.R.},
   TITLE = {Variation of cost functions in integer programming},
   JOURNAL= {Mathematical Programming},
   VOLUME = {77},
   YEAR = {1997},
   PAGES = {357-387}
}

@incollection{HS:Tho,
   AUTHOR="Thomas, R.R.",
   Title="Applications to integer programming",
   BOOktitle="Applications of Computational Algebraic Geometry",
   editor="Cox, D.A. and Sturmfels, B.",
   publisher="AMS Proceedings of Symposia in Applied Mathematics",
   year="1997"
}

@book {HS:Zie,
   AUTHOR = {Ziegler, G.},
   TITLE = {Lectures on Polytopes},
   PUBLISHER = {Springer-Verlag, New York},
   VOLUME = {152},
   YEAR = {1995}
}












