@book {SC:CLO,
   AUTHOR = {Cox, David and Little, John and O'Shea, Donal},
    TITLE = {Ideals, varieties, and algorithms},
  EDITION = {Second},
     NOTE = {An introduction to computational algebraic geometry and
             commutative algebra},
PUBLISHER = {Springer-Verlag},
  ADDRESS = {New York},
     YEAR = {1997},
    PAGES = {xiv+536},
     ISBN = {0-387-94680-2},
  MRCLASS = {13P10 (13-01 14-01 14Qxx 68Q40)},
 MRNUMBER = {97h:13024},
}

@book {SC:CLO2,
   AUTHOR = {Cox, David and Little, John and O'Shea, Donal},
    TITLE = {Using algebraic geometry},
PUBLISHER = {Springer-Verlag},
  ADDRESS = {New York},
     YEAR = {1998},
    PAGES = {xii+499},
     ISBN = {0-387-98487-9},
  MRCLASS = {13Pxx (13-01 14-01 14Qxx)},
 MRNUMBER = {99h:13033},
   MRREVR = {P. Schenzel},
}

@book {SC:CV,
    AUTHOR = {Chriss, Neil and Ginzburg, Victor},
     TITLE = {Representation theory and complex geometry},
 PUBLISHER = {Birkh\"auser Boston Inc.},
   ADDRESS = {Boston, MA},
      YEAR = {1997},
     PAGES = {x+495},
      ISBN = {0-8176-3792-3},
   MRCLASS = {22E47 (14F99 19L47 20G05 22-02 58F05)},
  MRNUMBER = {98i:22021},
MRREVIEWER = {William M. McGovern},
}

@book {SC:EH,
   AUTHOR = {Eisenbud, David and Harris, Joe},
    TITLE = {The geometry of schemes},
PUBLISHER = {Springer-Verlag},
  ADDRESS = {New York},
     YEAR = {2000},
    PAGES = {x+294},
     ISBN = {0-387-98638-3},
  MRCLASS = {14Axx (14-01)},
 MRNUMBER = {1 730 819},
}

@Misc{SC:GS,
  author =	 {Daniel R.~Grayson and Michael E.~Stillman},
  title =	 {Macaulay~2, a software system for algebraic geometry and commutative algebra},
  howpublished = {available at {http://www.math.uiuc.edu/Macaulay2/}}
}

@book {SC:H,
    AUTHOR = {Harris, Joe},
     TITLE = {Algebraic geometry, A first course},
 PUBLISHER = {Springer-Verlag},
   ADDRESS = {New York},
      YEAR = {1995},
     PAGES = {xx+328},
      ISBN = {0-387-97716-3},
   MRCLASS = {14-01},
  MRNUMBER = {97e:14001},
}

@book {SC:E,
    AUTHOR = {Eisenbud, David},
     TITLE = {Commutative algebra with a view toward algebraic geometry},
 PUBLISHER = {Springer-Verlag},
   ADDRESS = {New York},
      YEAR = {1995},
     PAGES = {xvi+785},
      ISBN = {0-387-94268-8; 0-387-94269-6},
   MRCLASS = {13-01 (14A05)},
  MRNUMBER = {97a:13001},
MRREVIEWER = {Matthew Miller},
}


