
@Misc{M2,
  author = {Grayson, Daniel R. and Stillman, Michael E.},
  title = {\textsl{Macaulay~2}, a software system for research
	   in algebraic geometry and commutative algebra},
  howpublished = {Available in source code form and compiled for various architectures,
      with documentation, at {http://www.math.uiuc.edu/Macaulay2/}}
}
